[
  {
    "CategoryTitle": "Angebote",
    "Subcategories": [
      {
        "subcategoryTitle": "default_subcategory",
        "productItems": [
          {
            "image_urls": [
              "https://www.edeka24.de/out/pictures/generated/product/1/224_224_90/dallmayr_home_barista_caffee_crema_dolce_rainforest_alliance_identity_preserved_ganze_bohne_1kg.jpg"
            ],
            "ItemTitle": "Dallmayr Home Barista Caffee Crema Dolce ganze Bohne 1KG",
            "ItemSalePrice": "11,99€",
            "ItemUnit": "11,99€/kg",
            "local_image_path": "Angebote/default_subcategory/dallmayr_home_barista_caffee_crema_dolce_rainforest_alliance_identity_preserved_ganze_bohne_1kg.jpg"
          },
          {
            "image_urls": [
              "https://www.edeka24.de/out/pictures/generated/product/1/224_224_90/freixenet_cava_carta_nevada_seco_075l.jpg"
            ],
            "ItemTitle": "Freixenet Cava Carta Seco 0,75L",
            "ItemSalePrice": "4,49€",
            "ItemUnit": "5,99€/l",
            "local_image_path": "Angebote/default_subcategory/freixenet_cava_carta_nevada_seco_075l.jpg"
          },
          {
            "image_urls": [
              "https://www.edeka24.de/out/pictures/generated/product/1/224_224_90/dallmayr_home_barista_espersso_rainforest_alliance_identity_preserved_ganze_bohne_1kg.jpg"
            ],
            "ItemTitle": "Dallmayr Home Barista Espresso Intenso ganze Bohne 1KG",
            "ItemSalePrice": "11,99€",
            "ItemUnit": "11,99€/kg",
            "local_image_path": "Angebote/default_subcategory/dallmayr_home_barista_espersso_rainforest_alliance_identity_preserved_ganze_bohne_1kg.jpg"
          },
          {
            "image_urls": [
              "https://www.edeka24.de/out/pictures/generated/product/1/224_224_90/sierra_tequila_reposado_38_07l.jpg"
            ],
            "ItemTitle": "Sierra Tequila Reposado 0,7L",
            "ItemSalePrice": "11,99€",
            "ItemUnit": "17,13€/l",
            "local_image_path": "Angebote/default_subcategory/sierra_tequila_reposado_38_07l.jpg"
          },
          {
            "image_urls": [
              "https://www.edeka24.de/out/pictures/generated/product/1/224_224_90/exklusivrose_trocken_075l.jpg"
            ],
            "ItemTitle": "Exclusiv Rosé trocken 0,75L",
            "ItemSalePrice": "4,99€",
            "ItemUnit": "6,65€/l",
            "local_image_path": "Angebote/default_subcategory/exklusivrose_trocken_075l.jpg"
          },
          {
            "image_urls": [
              "https://www.edeka24.de/out/pictures/generated/product/1/224_224_90/cremaearoma_1000g_front_ean_8000070025400.jpg"
            ],
            "ItemTitle": "Lavazza Crema e Aroma Bohnen 1KG",
            "ItemSalePrice": "12,99€",
            "ItemUnit": "12,99€/kg",
            "local_image_path": "Angebote/default_subcategory/cremaearoma_1000g_front_ean_8000070025400.jpg"
          },
          {
            "image_urls": [
              "https://www.edeka24.de/out/pictures/generated/product/1/224_224_90/de_cecco_spaghettoni_500g.jpg"
            ],
            "ItemTitle": "De Cecco Spaghettoni No 412 500G",
            "ItemSalePrice": "1,99€",
            "ItemUnit": "3,98€/kg",
            "local_image_path": "Angebote/default_subcategory/de_cecco_spaghettoni_500g.jpg"
          },
          {
            "image_urls": [
              "https://www.edeka24.de/out/pictures/generated/product/1/224_224_90/freixenet_cava_carta_nevada_extra_dry_075_ltr.jpg"
            ],
            "ItemTitle": "Freixenet Cava Carta Nevada Extra Dry 0,75L",
            "ItemSalePrice": "4,49€",
            "ItemUnit": "5,99€/l",
            "local_image_path": "Angebote/default_subcategory/freixenet_cava_carta_nevada_extra_dry_075_ltr.jpg"
          },
          {
            "image_urls": [
              "https://www.edeka24.de/out/pictures/generated/product/1/224_224_90/absolutcitron.jpg"
            ],
            "ItemTitle": "Absolut Vodka Citron 0,7L",
            "ItemSalePrice": "12,99€",
            "ItemUnit": "18,56€/l",
            "local_image_path": "Angebote/default_subcategory/absolutcitron.jpg"
          },
          {
            "image_urls": [
              "https://www.edeka24.de/out/pictures/generated/product/1/224_224_90/pickupchoco.jpg"
            ],
            "ItemTitle": "Leibniz Pick UP! Mini Choco 127G",
            "ItemSalePrice": "1,99€",
            "ItemUnit": "15,67€/kg",
            "local_image_path": "Angebote/default_subcategory/pickupchoco.jpg"
          },
          {
            "image_urls": [
              "https://www.edeka24.de/out/pictures/generated/product/1/224_224_90/absomelo.jpg"
            ],
            "ItemTitle": "Absolut Watermelon Flavored Vodka 0,7L",
            "ItemSalePrice": "12,99€",
            "ItemUnit": "18,56€/l",
            "local_image_path": "Angebote/default_subcategory/absomelo.jpg"
          },
          {
            "image_urls": [
              "https://www.edeka24.de/out/pictures/generated/product/1/224_224_90/absolut_premium_vodka_07_ltr.jpg"
            ],
            "ItemTitle": "Absolut Premium Vodka 0,7L",
            "ItemSalePrice": "12,99€",
            "ItemUnit": "18,56€/l",
            "local_image_path": "Angebote/default_subcategory/absolut_premium_vodka_07_ltr.jpg"
          },
          {
            "image_urls": [
              "https://www.edeka24.de/out/pictures/generated/product/1/224_224_90/leibnizpickupminischocmilk.jpg"
            ],
            "ItemTitle": "Leibniz Pick UP! Mini Choco & Milk 127G",
            "ItemSalePrice": "1,99€",
            "ItemUnit": "15,67€/kg",
            "local_image_path": "Angebote/default_subcategory/leibnizpickupminischocmilk.jpg"
          },
          {
            "image_urls": [
              "https://www.edeka24.de/out/pictures/generated/product/1/224_224_90/dececcospagh12.gif"
            ],
            "ItemTitle": "De Cecco Spaghetti No 12 500G",
            "ItemSalePrice": "1,99€",
            "ItemUnit": "3,98€/kg",
            "local_image_path": "Wein/ Spirituosen/Spirituosen/highland_park_18_jahre_single_malt_whisky.jpg"
          },
          {
            "image_urls": [
              "https://www.edeka24.de/out/pictures/generated/product/1/224_224_90/freixenet_00_alkoholfrei_075l.jpg"
            ],
            "ItemTitle": "Freixenet 0,0% Alkoholfrei 0,75L",
            "ItemSalePrice": "4,49€",
            "ItemUnit": "5,99€/l",
            "local_image_path": "Angebote/default_subcategory/freixenet_00_alkoholfrei_075l.jpg"
          },
          {
            "image_urls": [
              "https://www.edeka24.de/out/pictures/generated/product/1/224_224_90/metaxa_7_sterne_07l.jpg"
            ],
            "ItemTitle": "Metaxa 7 Sterne 0,7L",
            "ItemSalePrice": "15,99€",
            "ItemUnit": "22,84€/l",
            "local_image_path": "Angebote/default_subcategory/metaxa_7_sterne_07l.jpg"
          },
          {
            "image_urls": [
              "https://www.edeka24.de/out/pictures/generated/product/1/224_224_90/mionetto-prosecco-doc-treviso-brut.jpg"
            ],
            "ItemTitle": "Mionetto Prosecco Spumante DOC Treviso Brut 0,75L",
            "ItemSalePrice": "7,49€",
            "ItemUnit": "9,99€/l",
            "local_image_path": "Angebote/default_subcategory/mionetto-prosecco-doc-treviso-brut.jpg"
          },
          {
            "image_urls": [
              "https://www.edeka24.de/out/pictures/generated/product/1/224_224_90/dallmayr_home_barista_caffee_crema_forte_rainforest_alliance_identity_preserved_ganze_bohne_1kg.jpg"
            ],
            "ItemTitle": "Dallmayr Home Barista Caffè Crema Forte ganze Bohne 1KG",
            "ItemSalePrice": "11,99€",
            "ItemUnit": "11,99€/kg",
            "local_image_path": "Angebote/default_subcategory/dallmayr_home_barista_caffee_crema_forte_rainforest_alliance_identity_preserved_ganze_bohne_1kg.jpg"
          },
          {
            "image_urls": [
              "https://www.edeka24.de/out/pictures/generated/product/1/224_224_90/dallmayr_crema_doro_kaffee_ganze_bohnen.jpg"
            ],
            "ItemTitle": "Dallmayr Crema d´Oro Kaffee ganze Bohnen 1 kg",
            "ItemSalePrice": "11,99€",
            "ItemUnit": "11,99€/kg",
            "local_image_path": "Angebote/default_subcategory/dallmayr_crema_doro_kaffee_ganze_bohnen.jpg"
          },
          {
            "image_urls": [
              "https://www.edeka24.de/out/pictures/generated/product/1/224_224_90/pitu_cachaca_38_07l.jpg"
            ],
            "ItemTitle": "Pitu Cachaca 0,7L",
            "ItemSalePrice": "10,99€",
            "ItemUnit": "15,70€/l",
            "local_image_path": "Angebote/default_subcategory/pitu_cachaca_38_07l.jpg"
          },
          {
            "image_urls": [
              "https://www.edeka24.de/out/pictures/generated/product/1/224_224_90/de_cecco_farfalle_500g.jpg"
            ],
            "ItemTitle": "De Cecco Farfalle No 93 500G",
            "ItemSalePrice": "1,99€",
            "ItemUnit": "3,98€/kg",
            "local_image_path": "Angebote/default_subcategory/de_cecco_farfalle_500g.jpg"
          },
          {
            "image_urls": [
              "https://www.edeka24.de/out/pictures/generated/product/1/224_224_90/alnatura_bio_caff_crema.jpg"
            ],
            "ItemTitle": "Alnatura Bio Caffè Crema ganze Bohne 1KG",
            "ItemSalePrice": "13,99€",
            "ItemUnit": "13,99€/kg",
            "local_image_path": "Angebote/default_subcategory/alnatura_bio_caff_crema.jpg"
          },
          {
            "image_urls": [
              "https://www.edeka24.de/out/pictures/generated/product/1/224_224_90/havana_club_rum_anejo_3_jahre.jpg"
            ],
            "ItemTitle": "Havana Club Rum Anejo 3 Jahre 0,7L",
            "ItemSalePrice": "11,99€",
            "ItemUnit": "17,13€/l",
            "local_image_path": "Angebote/default_subcategory/havana_club_rum_anejo_3_jahre.jpg"
          },
          {
            "image_urls": [
              "https://www.edeka24.de/out/pictures/generated/product/1/224_224_90/de_cecco_casareccia_no_88.jpg"
            ],
            "ItemTitle": "De Cecco Casareccia No 88 500G",
            "ItemSalePrice": "1,99€",
            "ItemUnit": "3,98€/kg",
            "local_image_path": "Angebote/default_subcategory/de_cecco_casareccia_no_88.jpg"
          },
          {
            "image_urls": [
              "https://www.edeka24.de/out/pictures/generated/product/1/224_224_90/dececcolingu.jpg"
            ],
            "ItemTitle": "De Cecco Linguine No 7 500G",
            "ItemSalePrice": "1,99€",
            "ItemUnit": "3,98€/kg",
            "local_image_path": "Angebote/default_subcategory/dececcolingu.jpg"
          },
          {
            "image_urls": [
              "https://www.edeka24.de/out/pictures/generated/product/1/224_224_90/freixenetcartrot.jpg"
            ],
            "ItemTitle": "Freixenet Cava Rotina Semi Seco 0,75L",
            "ItemSalePrice": "4,49€",
            "ItemUnit": "5,99€/l",
            "local_image_path": "Angebote/default_subcategory/freixenetcartrot.jpg"
          },
          {
            "image_urls": [
              "https://www.edeka24.de/out/pictures/generated/product/1/224_224_90/freixenetsektcavasemiseco.jpg"
            ],
            "ItemTitle": "Freixenet Cava Carta Nevada Semi Seco 0,75L",
            "ItemSalePrice": "4,49€",
            "ItemUnit": "5,99€/l",
            "local_image_path": "Wein/ Spirituosen/Sekt-Prosecco/freixenetsektcavasemiseco.jpg"
          },
          {
            "image_urls": [
              "https://www.edeka24.de/out/pictures/generated/product/1/224_224_90/de_cecco_tagliatelle_nidi_semola_500g.jpg"
            ],
            "ItemTitle": "De Cecco Tagliatelle No 203 500G",
            "ItemSalePrice": "1,99€",
            "ItemUnit": "3,98€/kg",
            "local_image_path": "Lebensmittel/Beilagen/de_cecco_tagliatelle_nidi_semola_500g.jpg"
          },
          {
            "image_urls": [
              "https://www.edeka24.de/out/pictures/generated/product/1/224_224_90/bacardirazz.jpg"
            ],
            "ItemTitle": "Bacardi Razz 0,7L",
            "ItemSalePrice": "11,99€",
            "ItemUnit": "17,13€/l",
            "local_image_path": "Angebote/default_subcategory/bacardirazz.jpg"
          }
        ]
      }
    ]
  },
  {
    "CategoryTitle": "Lebensmittel",
    "Subcategories": [
      {
        "subcategoryTitle": "Kaffee & Tee",
        "productItems": [
          {
            "image_urls": [
              "https://www.edeka24.de/out/pictures/generated/product/1/224_224_90/bio_edeka_hmilch_fettarm_15_1l.jpg"
            ],
            "ItemTitle": "EDEKA Bio Fettarme H-Milch 1,5% 1L",
            "ItemPrice": "1,15€",
            "ItemUnit": "1,15€/l",
            "local_image_path": "Lebensmittel/Kaffee & Tee/bio_edeka_hmilch_fettarm_15_1l.jpg"
          },
          {
            "image_urls": [
              "https://www.edeka24.de/out/pictures/generated/product/1/224_224_90/weihenstephan_haltbare_milch_35_fett.jpg"
            ],
            "ItemTitle": "Weihenstephan haltbare Milch 3,5% 1L",
            "ItemPrice": "1,69€",
            "ItemUnit": "1,69€/l",
            "local_image_path": "Lebensmittel/Kaffee & Tee/weihenstephan_haltbare_milch_35_fett.jpg"
          },
          {
            "image_urls": [
              "https://www.edeka24.de/out/pictures/generated/product/1/224_224_90/weihmilch15.jpg"
            ],
            "ItemTitle": "Weihenstephan haltbare Milch 1,5% 1L",
            "ItemPrice": "1,59€",
            "ItemUnit": "1,59€/l",
            "local_image_path": "Lebensmittel/Kaffee & Tee/weihmilch15.jpg"
          },
          {
            "image_urls": [
              "https://www.edeka24.de/out/pictures/generated/product/1/224_224_90/bergbauern-h-milch.jpg"
            ],
            "ItemTitle": "Berchtesgadener Land haltbare Bergbauern Milch 3,5% 1L",
            "ItemPrice": "1,69€",
            "ItemUnit": "1,69€/l",
            "local_image_path": "Lebensmittel/Kaffee & Tee/bergbauern-h-milch.jpg"
          },
          {
            "image_urls": [
              "https://www.edeka24.de/out/pictures/generated/product/1/224_224_90/mvenpick_caf_crema_bohnen_1000g.jpg"
            ],
            "ItemTitle": "Mövenpick Café Crema Bohnen 1KG",
            "ItemPrice": "16,99€",
            "ItemUnit": "16,99€/kg",
            "local_image_path": "Lebensmittel/Kaffee & Tee/mvenpick_caf_crema_bohnen_1000g.jpg"
          },
          {
            "image_urls": [
              "https://www.edeka24.de/out/pictures/generated/product/1/224_224_90/krnunggemahlen.png"
            ],
            "ItemTitle": "Jacobs Krönung Kaffee gemahlen 500G",
            "ItemPrice": "7,99€",
            "ItemUnit": "15,98€/kg",
            "local_image_path": "Angebote/default_subcategory/krnunggemahlen.png"
          },
          {
            "image_urls": [
              "https://www.edeka24.de/out/pictures/generated/product/1/224_224_90/schwarzwaldmilch_protein_hmilch_09_1l.jpg"
            ],
            "ItemTitle": "Schwarzwaldmilch Protein Milch 0,9% 1L",
            "ItemPrice": "2,19€",
            "ItemUnit": "2,19€/l",
            "local_image_path": "Lebensmittel/Kaffee & Tee/schwarzwaldmilch_protein_hmilch_09_1l.jpg"
          },
          {
            "image_urls": [
              "https://www.edeka24.de/out/pictures/generated/product/1/224_224_90/edeka_bio_caff_crema_ganze_bohnen_1_kg.jpg"
            ],
            "ItemTitle": "EDEKA Bio Caffè Crema ganze Bohnen 1KG",
            "ItemPrice": "12,99€",
            "ItemUnit": "12,99€/kg",
            "local_image_path": "Lebensmittel/Kaffee & Tee/edeka_bio_caff_crema_ganze_bohnen_1_kg.jpg"
          },
          {
            "image_urls": [
              "https://www.edeka24.de/out/pictures/generated/product/1/224_224_90/dallmayr_crema_doro_kaffee_ganze_bohnen.jpg"
            ],
            "ItemTitle": "Dallmayr Crema d´Oro Kaffee ganze Bohnen 1 kg",
            "ItemSalePrice": "11,99€",
            "ItemUnit": "11,99€/kg",
            "local_image_path": "Angebote/default_subcategory/dallmayr_crema_doro_kaffee_ganze_bohnen.jpg"
          },
          {
            "image_urls": [
              "https://www.edeka24.de/out/pictures/generated/product/1/224_224_90/edeka-bio-kaffee-gemahlen.jpg"
            ],
            "ItemTitle": "EDEKA Bio Auslese Kaffee gemahlen 500G",
            "ItemPrice": "5,49€",
            "ItemUnit": "10,98€/kg",
            "local_image_path": "Lebensmittel/Kaffee & Tee/edeka-bio-kaffee-gemahlen.jpg"
          },
          {
            "image_urls": [
              "https://www.edeka24.de/out/pictures/generated/product/1/224_224_90/brenmarke_genussvoller_traum_8_fett(1).jpg"
            ],
            "ItemTitle": "Bärenmarke Genussvolle Kaffee-Milch 8% Fett 170G",
            "ItemPrice": "1,39€",
            "ItemUnit": "8,18€/kg",
            "local_image_path": "Lebensmittel/Kaffee & Tee/brenmarke_genussvoller_traum_8_fett(1).jpg"
          },
          {
            "image_urls": [
              "https://www.edeka24.de/out/pictures/generated/product/1/224_224_90/oatly_hafer_barista_edition_1l.jpg"
            ],
            "ItemTitle": "Oatly Hafer Barista Edition 1L",
            "ItemPrice": "2,59€",
            "ItemUnit": "2,59€/l",
            "local_image_path": "Lebensmittel/Kaffee & Tee/oatly_hafer_barista_edition_1l.jpg"
          },
          {
            "image_urls": [
              "https://www.edeka24.de/out/pictures/generated/product/1/224_224_90/senseoclassic16.jpg"
            ],
            "ItemTitle": "Senseo Kaffeepads classic 16ST 111G",
            "ItemPrice": "3,29€",
            "ItemUnit": "29,64€/kg",
            "local_image_path": "Lebensmittel/Kaffee & Tee/senseoclassic16.jpg"
          },
          {
            "image_urls": [
              "https://www.edeka24.de/out/pictures/generated/product/1/224_224_90/cremaearoma_1000g_front_ean_8000070025400.jpg"
            ],
            "ItemTitle": "Lavazza Crema e Aroma Bohnen 1KG",
            "ItemSalePrice": "12,99€",
            "ItemUnit": "12,99€/kg",
            "local_image_path": "Angebote/default_subcategory/cremaearoma_1000g_front_ean_8000070025400.jpg"
          },
          {
            "image_urls": [
              "https://www.edeka24.de/out/pictures/generated/product/1/224_224_90/dallmayr_kaffee_prodomo_gemahlen.jpg"
            ],
            "ItemTitle": "Dallmayr Kaffee Prodomo gemahlen 500G",
            "ItemPrice": "7,99€",
            "ItemUnit": "15,98€/kg",
            "local_image_path": "Lebensmittel/Kaffee & Tee/dallmayr_kaffee_prodomo_gemahlen.jpg"
          },
          {
            "image_urls": [
              "https://www.edeka24.de/out/pictures/generated/product/1/224_224_90/weihhalpenmilch_011l.jpg"
            ],
            "ItemTitle": "Weihenstephan Haltbare Milch 0,1% Fett 1L",
            "ItemPrice": "1,59€",
            "ItemUnit": "1,59€/l",
            "local_image_path": "Lebensmittel/Kaffee & Tee/weihhalpenmilch_011l.jpg"
          },
          {
            "image_urls": [
              "https://www.edeka24.de/out/pictures/generated/product/1/224_224_90/4002720002261_fika_auslese_klassisch_500g.jpg"
            ],
            "ItemTitle": "Melitta Kaffee Auslese klassisch gemahlen 500G",
            "ItemPrice": "6,49€",
            "ItemUnit": "12,98€/kg",
            "local_image_path": "Lebensmittel/Kaffee & Tee/4002720002261_fika_auslese_klassisch_500g.jpg"
          },
          {
            "image_urls": [
              "https://www.edeka24.de/out/pictures/generated/product/1/224_224_90/minus_l_schlagsahne_haltbar_laktosefrei.jpg"
            ],
            "ItemTitle": "Minus L haltbare Schlagsahne 30% laktosefrei 200ML",
            "ItemPrice": "1,49€",
            "ItemUnit": "7,45€/kg",
            "local_image_path": "Lebensmittel/Kaffee & Tee/minus_l_schlagsahne_haltbar_laktosefrei.jpg"
          },
          {
            "image_urls": [
              "https://www.edeka24.de/out/pictures/generated/product/1/224_224_90/weihenstephan_haltbarer_kakao_1l.jpg"
            ],
            "ItemTitle": "Weihenstephan Haltbarer Kakao 1L",
            "ItemPrice": "1,89€",
            "ItemUnit": "1,89€/l",
            "local_image_path": "Lebensmittel/Kaffee & Tee/weihenstephan_haltbarer_kakao_1l.jpg"
          },
          {
            "image_urls": [
              "https://www.edeka24.de/out/pictures/generated/product/1/224_224_90/brenmarke_der_extra_leichte_traum_3(1).jpg"
            ],
            "ItemTitle": "Bärenmarke Extra Leichte Kaffee-Milch 3% Fett 170G",
            "ItemPrice": "1,29€",
            "ItemUnit": "7,59€/kg",
            "local_image_path": "Lebensmittel/Kaffee & Tee/brenmarke_der_extra_leichte_traum_3(1).jpg"
          },
          {
            "image_urls": [
              "https://www.edeka24.de/out/pictures/generated/product/1/224_224_90/dallmayrprodentcoff.jpg"
            ],
            "ItemTitle": "Dallmayr Prodomo entkoffeiniert ganze Bohnen 500G",
            "ItemPrice": "7,99€",
            "ItemUnit": "15,98€/kg",
            "local_image_path": "Lebensmittel/Kaffee & Tee/dallmayrprodentcoff.jpg"
          },
          {
            "image_urls": [
              "https://www.edeka24.de/out/pictures/generated/product/1/224_224_90/linde039s_kornkaffee_mit_zichorie_500_g.jpg"
            ],
            "ItemTitle": "Linde's Kornkaffee mit Zichorie 500G",
            "ItemPrice": "3,19€",
            "ItemUnit": "6,38€/kg",
            "local_image_path": "Lebensmittel/Kaffee & Tee/linde039s_kornkaffee_mit_zichorie_500_g.jpg"
          },
          {
            "image_urls": [
              "https://www.edeka24.de/out/pictures/generated/product/1/224_224_90/mvenpickhimmlischgb.jpg"
            ],
            "ItemTitle": "Mövenpick Der Himmlische Kaffee Bohnen 500G",
            "ItemPrice": "7,79€",
            "ItemUnit": "15,58€/kg",
            "local_image_path": "Lebensmittel/Kaffee & Tee/mvenpickhimmlischgb.jpg"
          },
          {
            "image_urls": [
              "https://www.edeka24.de/out/pictures/generated/product/1/224_224_90/minus_l_fettarme_haltbare_milch_15_laktosefrei.jpg"
            ],
            "ItemTitle": "Minus L fettarme haltbare Milch 1,5% laktosefrei 1L",
            "ItemPrice": "1,89€",
            "ItemUnit": "1,89€/l",
            "local_image_path": "Lebensmittel/Kaffee & Tee/minus_l_fettarme_haltbare_milch_15_laktosefrei.jpg"
          },
          {
            "image_urls": [
              "https://www.edeka24.de/out/pictures/generated/product/1/224_224_90/memer_tee_kamille_25st_375g.jpg"
            ],
            "ItemTitle": "Meßmer Tee Kamille 25ST 37,5G",
            "ItemPrice": "2,25€",
            "ItemUnit": "60,00€/kg",
            "local_image_path": "Lebensmittel/Kaffee & Tee/memer_tee_kamille_25st_375g.jpg"
          },
          {
            "image_urls": [
              "https://www.edeka24.de/out/pictures/generated/product/1/224_224_90/senseodecaf16.jpg"
            ],
            "ItemTitle": "Senseo Kaffeepads entkoffeiniert 16ST 111G",
            "ItemPrice": "3,29€",
            "ItemUnit": "29,64€/kg",
            "local_image_path": "Lebensmittel/Kaffee & Tee/senseodecaf16.jpg"
          },
          {
            "image_urls": [
              "https://www.edeka24.de/out/pictures/generated/product/1/224_224_90/mvenpickedlekompo.jpg"
            ],
            "ItemTitle": "Mövenpick Kaffee Edle Komposition gemahlen 500G",
            "ItemPrice": "7,99€",
            "ItemUnit": "15,98€/kg",
            "local_image_path": "Lebensmittel/Kaffee & Tee/mvenpickedlekompo.jpg"
          },
          {
            "image_urls": [
              "https://www.edeka24.de/out/pictures/generated/product/1/224_224_90/senseoespress.jpg"
            ],
            "ItemTitle": "Senseo Kaffeepads Espresso 16ST 111G",
            "ItemPrice": "3,29€",
            "ItemUnit": "29,64€/kg",
            "local_image_path": "Lebensmittel/Kaffee & Tee/senseoespress.jpg"
          },
          {
            "image_urls": [
              "https://www.edeka24.de/out/pictures/generated/product/1/224_224_90/jacobsbalance.png"
            ],
            "ItemTitle": "Jacobs Krönung Kaffee Balance gemahlen 500G",
            "ItemPrice": "7,99€",
            "ItemUnit": "15,98€/kg",
            "local_image_path": "Lebensmittel/Kaffee & Tee/jacobsbalance.png"
          },
          {
            "image_urls": [
              "https://www.edeka24.de/out/pictures/generated/product/1/224_224_90/mvenpick_der_himmlische_kaffee_gemahlen_500g.jpg"
            ],
            "ItemTitle": "Mövenpick Der Himmlische Kaffee gemahlen 500G",
            "ItemPrice": "7,79€",
            "ItemUnit": "15,58€/kg",
            "local_image_path": "Lebensmittel/Kaffee & Tee/mvenpick_der_himmlische_kaffee_gemahlen_500g.jpg"
          },
          {
            "image_urls": [
              "https://www.edeka24.de/out/pictures/generated/product/1/224_224_90/senseomild16.jpg"
            ],
            "ItemTitle": "Senseo Kaffeepads mild 16ST 111G",
            "ItemPrice": "3,29€",
            "ItemUnit": "29,64€/kg",
            "local_image_path": "Lebensmittel/Kaffee & Tee/senseomild16.jpg"
          },
          {
            "image_urls": [
              "https://www.edeka24.de/out/pictures/generated/product/1/224_224_90/llbaristahafer.jpg"
            ],
            "ItemTitle": "Landliebe Barista Hafer Drink 1L",
            "ItemPrice": "2,59€",
            "ItemUnit": "2,59€/l",
            "local_image_path": "Lebensmittel/Kaffee & Tee/llbaristahafer.jpg"
          },
          {
            "image_urls": [
              "https://www.edeka24.de/out/pictures/generated/product/1/224_224_90/teekannedr.med.pfirsich.jpg"
            ],
            "ItemTitle": "Teekanne Tee Mediterraner Pfirsich 20ST 50G",
            "ItemPrice": "2,29€",
            "ItemUnit": "45,80€/kg",
            "local_image_path": "Lebensmittel/Kaffee & Tee/teekannedr.med.pfirsich.jpg"
          },
          {
            "image_urls": [
              "https://www.edeka24.de/out/pictures/generated/product/1/224_224_90/senseogumo.jpg"
            ],
            "ItemTitle": "Senseo Kaffeepads Guten Morgen XL 10ST 125G",
            "ItemPrice": "3,29€",
            "ItemUnit": "26,32€/kg",
            "local_image_path": "Lebensmittel/Kaffee & Tee/senseogumo.jpg"
          },
          {
            "image_urls": [
              "https://www.edeka24.de/out/pictures/generated/product/1/224_224_90/coffbespressobio.jpg"
            ],
            "ItemTitle": "Café Royal Bio CoffeeB Espresso 9ST 51G",
            "ItemPrice": "3,99€",
            "ItemUnit": "78,24€/kg",
            "local_image_path": "Lebensmittel/Kaffee & Tee/coffbespressobio.jpg"
          },
          {
            "image_urls": [
              "https://www.edeka24.de/out/pictures/generated/product/1/224_224_90/bio_alnatura_minze_dreierlei_tee_20st_30g.jpg"
            ],
            "ItemTitle": "Alnatura Bio Dreierlei Minze Tee 20ST 30G",
            "ItemPrice": "2,29€",
            "ItemUnit": "76,33€/kg",
            "local_image_path": "Lebensmittel/Kaffee & Tee/bio_alnatura_minze_dreierlei_tee_20st_30g.jpg"
          },
          {
            "image_urls": [
              "https://www.edeka24.de/out/pictures/generated/product/1/224_224_90/jacobs_kaffee_instant_cappuccino_400g.jpg"
            ],
            "ItemTitle": "Jacobs Kaffee Instant Cappuccino 400G",
            "ItemPrice": "4,49€",
            "ItemUnit": "11,23€/kg",
            "local_image_path": "Lebensmittel/Kaffee & Tee/jacobs_kaffee_instant_cappuccino_400g.jpg"
          },
          {
            "image_urls": [
              "https://www.edeka24.de/out/pictures/generated/product/1/224_224_90/lavazza_caffe_crema_classico_ganze_bohne.jpg"
            ],
            "ItemTitle": "Lavazza Caffe Crema Classico Bohne 1KG",
            "ItemPrice": "15,99€",
            "ItemUnit": "15,99€/kg",
            "local_image_path": "Lebensmittel/Kaffee & Tee/lavazza_caffe_crema_classico_ganze_bohne.jpg"
          },
          {
            "image_urls": [
              "https://www.edeka24.de/out/pictures/generated/product/1/224_224_90/61589_haferbio_1200.jpg"
            ],
            "ItemTitle": "Oatly Bio Haferdrink 1L",
            "ItemPrice": "2,29€",
            "ItemUnit": "2,29€/l",
            "local_image_path": "Lebensmittel/Kaffee & Tee/61589_haferbio_1200.jpg"
          },
          {
            "image_urls": [
              "https://www.edeka24.de/out/pictures/generated/product/1/224_224_90/alnatura_bio_earl_grey_schwarztee_20x_175_g.jpg"
            ],
            "ItemTitle": "Alnatura Bio Earl Grey 20ST 35G",
            "ItemPrice": "2,49€",
            "ItemUnit": "71,14€/kg",
            "local_image_path": "Lebensmittel/Kaffee & Tee/alnatura_bio_earl_grey_schwarztee_20x_175_g.jpg"
          },
          {
            "image_urls": [
              "https://www.edeka24.de/out/pictures/generated/product/1/224_224_90/senseocafcrem.jpg"
            ],
            "ItemTitle": "Senseo Kaffeepads Caffe Crema 16ST 111G",
            "ItemPrice": "3,29€",
            "ItemUnit": "29,64€/kg",
            "local_image_path": "Lebensmittel/Kaffee & Tee/senseocafcrem.jpg"
          },
          {
            "image_urls": [
              "https://www.edeka24.de/out/pictures/generated/product/1/224_224_90/alnatura_bio_grner_tee_sencha_20x_15_g.jpg"
            ],
            "ItemTitle": "Alnatura Bio Grüner Tee Sencha 20ST 30G",
            "ItemPrice": "1,49€",
            "ItemUnit": "49,67€/kg",
            "local_image_path": "Lebensmittel/Kaffee & Tee/alnatura_bio_grner_tee_sencha_20x_15_g.jpg"
          },
          {
            "image_urls": [
              "https://www.edeka24.de/out/pictures/generated/product/1/224_224_90/krgerchailattevanille-zimt.jpg"
            ],
            "ItemTitle": "Krüger Chai Latte Classic India Typ Vanille-Zimt 10ST 250G",
            "ItemPrice": "3,49€",
            "ItemUnit": "13,96€/kg",
            "local_image_path": "Lebensmittel/Kaffee & Tee/krgerchailattevanille-zimt.jpg"
          },
          {
            "image_urls": [
              "https://www.edeka24.de/out/pictures/generated/product/1/224_224_90/nescaf_classic_200_g.jpg"
            ],
            "ItemTitle": "Nescafé Classic 200G",
            "ItemPrice": "8,49€",
            "ItemUnit": "42,45€/kg",
            "local_image_path": "Lebensmittel/Kaffee & Tee/nescaf_classic_200_g.jpg"
          },
          {
            "image_urls": [
              "https://www.edeka24.de/out/pictures/generated/product/1/224_224_90/teekannemint.jpg"
            ],
            "ItemTitle": "Teekanne Minze 20ST 45G",
            "ItemPrice": "2,19€",
            "ItemUnit": "48,67€/kg",
            "local_image_path": "Lebensmittel/Kaffee & Tee/teekannemint.jpg"
          },
          {
            "image_urls": [
              "https://www.edeka24.de/out/pictures/generated/product/1/224_224_90/teekanneabfall.jpg"
            ],
            "ItemTitle": "Teekanne Apfel 20ST 60G",
            "ItemPrice": "2,19€",
            "ItemUnit": "36,50€/kg",
            "local_image_path": "Lebensmittel/Kaffee & Tee/teekanneabfall.jpg"
          },
          {
            "image_urls": [
              "https://www.edeka24.de/out/pictures/generated/product/1/224_224_90/grana_grana_landkaffee_200g.jpg"
            ],
            "ItemTitle": "Grana Feiner Landkaffee 200G",
            "ItemPrice": "2,69€",
            "ItemUnit": "13,45€/kg",
            "local_image_path": "Lebensmittel/Kaffee & Tee/grana_grana_landkaffee_200g.jpg"
          },
          {
            "image_urls": [
              "https://www.edeka24.de/out/pictures/generated/product/1/224_224_90/coffbespresso.jpg"
            ],
            "ItemTitle": "Café Royal CoffeeB Espresso 9ST 51G",
            "ItemPrice": "3,79€",
            "ItemUnit": "74,31€/kg",
            "local_image_path": "Lebensmittel/Kaffee & Tee/coffbespresso.jpg"
          },
          {
            "image_urls": [
              "https://www.edeka24.de/out/pictures/generated/product/1/224_224_90/senseocapchoc.jpg"
            ],
            "ItemTitle": "Senseo Kaffeepads Cappuccino Choco 8ST 92G",
            "ItemPrice": "3,29€",
            "ItemUnit": "35,76€/kg",
            "local_image_path": "Lebensmittel/Kaffee & Tee/senseocapchoc.jpg"
          },
          {
            "image_urls": [
              "https://www.edeka24.de/out/pictures/generated/product/1/224_224_90/dallmayr_kaffee_prodomo_ganze_bohnen.jpg"
            ],
            "ItemTitle": "Dallmayr Kaffee Prodomo ganze Bohnen 500G",
            "ItemPrice": "7,99€",
            "ItemUnit": "15,98€/kg",
            "local_image_path": "Lebensmittel/Kaffee & Tee/dallmayr_kaffee_prodomo_ganze_bohnen.jpg"
          },
          {
            "image_urls": [
              "https://www.edeka24.de/out/pictures/generated/product/1/224_224_90/minus_l_hmilch_38_laktosefrei.jpg"
            ],
            "ItemTitle": "Minus L H-Milch 3,5% laktosefrei 1L",
            "ItemPrice": "1,99€",
            "ItemUnit": "1,99€/l",
            "local_image_path": "Lebensmittel/Kaffee & Tee/minus_l_hmilch_38_laktosefrei.jpg"
          },
          {
            "image_urls": [
              "https://www.edeka24.de/out/pictures/generated/product/1/224_224_90/002299.png"
            ],
            "ItemTitle": "Meßmer Tee Earl Grey 50ST 87,5G",
            "ItemPrice": "3,79€",
            "ItemUnit": "43,31€/kg",
            "local_image_path": "Lebensmittel/Kaffee & Tee/002299.png"
          },
          {
            "image_urls": [
              "https://www.edeka24.de/out/pictures/generated/product/1/224_224_90/4002720002117_fika_auslese_klassisch_mild_500g.jpg"
            ],
            "ItemTitle": "Melitta Kaffee Auslese klassich-mild gemahlen 500G",
            "ItemPrice": "6,49€",
            "ItemUnit": "12,98€/kg",
            "local_image_path": "Lebensmittel/Kaffee & Tee/4002720002117_fika_auslese_klassisch_mild_500g.jpg"
          },
          {
            "image_urls": [
              "https://www.edeka24.de/out/pictures/generated/product/1/224_224_90/memer_tee_traditionsmischung_klassik_25x_175_g.jpg"
            ],
            "ItemTitle": "Meßmer Tee Traditionsmischung Klassik 25ST 43,8G",
            "ItemPrice": "2,25€",
            "ItemUnit": "51,37€/kg",
            "local_image_path": "Lebensmittel/Kaffee & Tee/memer_tee_traditionsmischung_klassik_25x_175_g.jpg"
          },
          {
            "image_urls": [
              "https://www.edeka24.de/out/pictures/generated/product/1/224_224_90/teekannemagenfein.jpg"
            ],
            "ItemTitle": "Teekanne Magenfein Tee 20ST 40G",
            "ItemPrice": "2,99€",
            "ItemUnit": "74,75€/kg",
            "local_image_path": "Lebensmittel/Kaffee & Tee/teekannemagenfein.jpg"
          },
          {
            "image_urls": [
              "https://www.edeka24.de/out/pictures/generated/product/1/224_224_90/memer_tee_pfefferminze_klein_25x_225_g.jpg"
            ],
            "ItemTitle": "Meßmer Tee Pfefferminze klein 25ST 56,25G",
            "ItemPrice": "2,25€",
            "ItemUnit": "40,04€/kg",
            "local_image_path": "Lebensmittel/Kaffee & Tee/memer_tee_pfefferminze_klein_25x_225_g.jpg"
          },
          {
            "image_urls": [
              "https://www.edeka24.de/out/pictures/generated/product/1/224_224_90/memer_tee_frchtemischung_25x_3_g.jpg"
            ],
            "ItemTitle": "Meßmer Tee Früchte-Mischung 25ST 75G",
            "ItemPrice": "2,25€",
            "ItemUnit": "30,00€/kg",
            "local_image_path": "Lebensmittel/Kaffee & Tee/memer_tee_frchtemischung_25x_3_g.jpg"
          },
          {
            "image_urls": [
              "https://www.edeka24.de/out/pictures/generated/product/1/224_224_90/kaba_schoko_nachfamp252llbeutel_400g.jpg"
            ],
            "ItemTitle": "Kaba Kakao Nachfüllbeutel 400G",
            "ItemPrice": "2,79€",
            "ItemUnit": "6,98€/kg",
            "local_image_path": "Lebensmittel/Kaffee & Tee/kaba_schoko_nachfamp252llbeutel_400g.jpg"
          },
          {
            "image_urls": [
              "https://www.edeka24.de/out/pictures/generated/product/1/224_224_90/coffbdecaffeinato.jpg"
            ],
            "ItemTitle": "Café Royal CoffeeB Decaf 9ST 51G",
            "ItemPrice": "3,79€",
            "ItemUnit": "74,31€/kg",
            "local_image_path": "Lebensmittel/Kaffee & Tee/coffbdecaffeinato.jpg"
          },
          {
            "image_urls": [
              "https://www.edeka24.de/out/pictures/generated/product/1/224_224_90/alnatura_bio_caff_crema.jpg"
            ],
            "ItemTitle": "Alnatura Bio Caffè Crema ganze Bohne 1KG",
            "ItemSalePrice": "13,99€",
            "ItemUnit": "13,99€/kg",
            "local_image_path": "Angebote/default_subcategory/alnatura_bio_caff_crema.jpg"
          },
          {
            "image_urls": [
              "https://www.edeka24.de/out/pictures/generated/product/1/224_224_90/teekanne_griechische_aprikose_20st_45g.jpg"
            ],
            "ItemTitle": "Teekanne Griechische Aprikose 20ST 45G",
            "ItemPrice": "2,29€",
            "ItemUnit": "50,89€/kg",
            "local_image_path": "Lebensmittel/Kaffee & Tee/teekanne_griechische_aprikose_20st_45g.jpg"
          },
          {
            "image_urls": [
              "https://www.edeka24.de/out/pictures/generated/product/1/224_224_90/schweizerkrutertee_300_p1.jpg"
            ],
            "ItemTitle": "Ricola Schweizer Kräutertee 200G",
            "ItemPrice": "3,79€",
            "ItemUnit": "18,95€/kg",
            "local_image_path": "Lebensmittel/Kaffee & Tee/schweizerkrutertee_300_p1.jpg"
          },
          {
            "image_urls": [
              "https://www.edeka24.de/out/pictures/generated/product/1/224_224_90/minus_l_sahne_zum_kochen_15_200g.jpg"
            ],
            "ItemTitle": "Minus L Sahne zum Kochen 15% 200G",
            "ItemPrice": "1,59€",
            "ItemUnit": "7,95€/kg",
            "local_image_path": "Lebensmittel/Kaffee & Tee/minus_l_sahne_zum_kochen_15_200g.jpg"
          },
          {
            "image_urls": [
              "https://www.edeka24.de/out/pictures/generated/product/1/224_224_90/bio_lavazza_tierra_organic_1kg.jpg"
            ],
            "ItemTitle": "Lavazza Bio Tierra For Planet ganze Bohnen 1KG",
            "ItemPrice": "18,99€",
            "ItemUnit": "18,99€/kg",
            "local_image_path": "Lebensmittel/Kaffee & Tee/bio_lavazza_tierra_organic_1kg.jpg"
          },
          {
            "image_urls": [
              "https://www.edeka24.de/out/pictures/generated/product/1/224_224_90/alpro_soya_drink_vanille_1l.jpg"
            ],
            "ItemTitle": "Alpro Soya Drink Vanille 1L",
            "ItemPrice": "2,59€",
            "ItemUnit": "2,59€/l",
            "local_image_path": "Lebensmittel/Kaffee & Tee/alpro_soya_drink_vanille_1l.jpg"
          },
          {
            "image_urls": [
              "https://www.edeka24.de/out/pictures/generated/product/1/224_224_90/memer_tee_pfefferminze_gro_50x_225_g.jpg"
            ],
            "ItemTitle": "Meßmer Tee Pfefferminze groß 50ST 112,5G",
            "ItemPrice": "3,79€",
            "ItemUnit": "33,69€/kg",
            "local_image_path": "Lebensmittel/Kaffee & Tee/memer_tee_pfefferminze_gro_50x_225_g.jpg"
          },
          {
            "image_urls": [
              "https://www.edeka24.de/out/pictures/generated/product/1/224_224_90/memer_tee_milde_hagebuttenmischung_25st_75g.jpg"
            ],
            "ItemTitle": "Meßmer Tee Milde Hagebuttenmischung 25ST 75G",
            "ItemPrice": "2,25€",
            "ItemUnit": "30,00€/kg",
            "local_image_path": "Lebensmittel/Kaffee & Tee/memer_tee_milde_hagebuttenmischung_25st_75g.jpg"
          },
          {
            "image_urls": [
              "https://www.edeka24.de/out/pictures/generated/product/1/224_224_90/bio_ecaffe_gemfairtr2x250g.jpg"
            ],
            "ItemTitle": "EDEKA Bio Caffe gemahlen Fairtrade 2x 250G",
            "ItemPrice": "6,79€",
            "ItemUnit": "13,58€/kg",
            "local_image_path": "Lebensmittel/Kaffee & Tee/bio_ecaffe_gemfairtr2x250g.jpg"
          },
          {
            "image_urls": [
              "https://www.edeka24.de/out/pictures/generated/product/1/224_224_90/dallmayr_kaffee_prodomo_naturmild.jpg"
            ],
            "ItemTitle": "Dallmayr Kaffee Prodomo naturmild 500G",
            "ItemPrice": "7,99€",
            "ItemUnit": "15,98€/kg",
            "local_image_path": "Lebensmittel/Kaffee & Tee/dallmayr_kaffee_prodomo_naturmild.jpg"
          },
          {
            "image_urls": [
              "https://www.edeka24.de/out/pictures/generated/product/1/224_224_90/edeka_my_veggie_no_milk_veganer_haferdrink_35_1l.jpg"
            ],
            "ItemTitle": "EDEKA My Veggie No Milk 3,5% 1L",
            "ItemPrice": "1,59€",
            "ItemUnit": "1,59€/l",
            "local_image_path": "Lebensmittel/Kaffee & Tee/edeka_my_veggie_no_milk_veganer_haferdrink_35_1l.jpg"
          },
          {
            "image_urls": [
              "https://www.edeka24.de/out/pictures/generated/product/1/224_224_90/memer_grner_tee_klein_25x_175_g.jpg"
            ],
            "ItemTitle": "Meßmer Grüner Tee klein 25ST 43,75G",
            "ItemPrice": "2,25€",
            "ItemUnit": "51,37€/kg",
            "local_image_path": "Lebensmittel/Kaffee & Tee/memer_grner_tee_klein_25x_175_g.jpg"
          },
          {
            "image_urls": [
              "https://www.edeka24.de/out/pictures/generated/product/1/224_224_90/mvenpick_espresso_bohnen_1000g.jpg"
            ],
            "ItemTitle": "Mövenpick Espresso Bohnen 1KG",
            "ItemPrice": "17,99€",
            "ItemUnit": "17,99€/kg",
            "local_image_path": "Lebensmittel/Kaffee & Tee/mvenpick_espresso_bohnen_1000g.jpg"
          },
          {
            "image_urls": [
              "https://www.edeka24.de/out/pictures/generated/product/1/224_224_90/llhaferdrink.jpg"
            ],
            "ItemTitle": "Landliebe Hafer Drink 1L",
            "ItemPrice": "2,29€",
            "ItemUnit": "2,29€/l",
            "local_image_path": "Lebensmittel/Kaffee & Tee/llhaferdrink.jpg"
          },
          {
            "image_urls": [
              "https://www.edeka24.de/out/pictures/generated/product/1/224_224_90/teekannespanorange.jpg"
            ],
            "ItemTitle": "Teekanne Spanische Orange 20ST 50G",
            "ItemPrice": "2,29€",
            "ItemUnit": "45,80€/kg",
            "local_image_path": "Lebensmittel/Kaffee & Tee/teekannespanorange.jpg"
          },
          {
            "image_urls": [
              "https://www.edeka24.de/out/pictures/generated/product/1/224_224_90/schweitzschmlicremabohne.jpg"
            ],
            "ItemTitle": "Schweitzers Schüümli Crema Bohnen 1KG",
            "ItemPrice": "16,99€",
            "ItemUnit": "16,99€/kg",
            "local_image_path": "Lebensmittel/Kaffee & Tee/schweitzschmlicremabohne.jpg"
          },
          {
            "image_urls": [
              "https://www.edeka24.de/out/pictures/generated/product/1/224_224_90/memer_tee_fenchelaniskmmel_25x_2_g.jpg"
            ],
            "ItemTitle": "Meßmer Tee Fenchel-Anis-Kümmel 25ST 50G",
            "ItemPrice": "2,25€",
            "ItemUnit": "45,00€/kg",
            "local_image_path": "Lebensmittel/Kaffee & Tee/memer_tee_fenchelaniskmmel_25x_2_g.jpg"
          },
          {
            "image_urls": [
              "https://www.edeka24.de/out/pictures/generated/product/1/224_224_90/suchard_express_400g.jpg"
            ],
            "ItemTitle": "Suchard Express 400G",
            "ItemPrice": "2,49€",
            "ItemUnit": "6,23€/kg",
            "local_image_path": "Lebensmittel/Kaffee & Tee/suchard_express_400g.jpg"
          },
          {
            "image_urls": [
              "https://www.edeka24.de/out/pictures/generated/product/1/224_224_90/schweitzschmlimildsanftbohne.jpg"
            ],
            "ItemTitle": "Schweitzers Schüümli Mild & Sanft Bohnen 1KG",
            "ItemPrice": "16,99€",
            "ItemUnit": "16,99€/kg",
            "local_image_path": "Lebensmittel/Kaffee & Tee/schweitzschmlimildsanftbohne.jpg"
          },
          {
            "image_urls": [
              "https://www.edeka24.de/out/pictures/generated/product/1/224_224_90/nescafecrema.jpg"
            ],
            "ItemTitle": "Nescafé Classic Crema 200G",
            "ItemPrice": "8,49€",
            "ItemUnit": "42,45€/kg",
            "local_image_path": "Lebensmittel/Kaffee & Tee/nescafecrema.jpg"
          },
          {
            "image_urls": [
              "https://www.edeka24.de/out/pictures/generated/product/1/224_224_90/coffbespressoforte.jpg"
            ],
            "ItemTitle": "Café Royal CoffeeB Espresso Forte 9ST 56G",
            "ItemPrice": "3,79€",
            "ItemUnit": "67,68€/kg",
            "local_image_path": "Lebensmittel/Kaffee & Tee/coffbespressoforte.jpg"
          },
          {
            "image_urls": [
              "https://www.edeka24.de/out/pictures/generated/product/1/224_224_90/gutampampgamp220nstig_ingwer_tee_25x2g.jpg"
            ],
            "ItemTitle": "Gut &Günstig Ingwer Tee 25ST 50G",
            "ItemPrice": "1,29€",
            "ItemUnit": "25,80€/kg",
            "local_image_path": "Lebensmittel/Kaffee & Tee/gutampampgamp220nstig_ingwer_tee_25x2g.jpg"
          },
          {
            "image_urls": [
              "https://www.edeka24.de/out/pictures/generated/product/1/224_224_90/bio_saliter_kaffeesahne_10_395g.jpg"
            ],
            "ItemTitle": "Saliter Bio Kaffeesahne 10% Fett 395G",
            "ItemPrice": "2,19€",
            "ItemUnit": "5,54€/kg",
            "local_image_path": "Wein/ Spirituosen/Spirituosen/highland_park_18_jahre_single_malt_whisky.jpg"
          },
          {
            "image_urls": [
              "https://www.edeka24.de/out/pictures/generated/product/1/224_224_90/teekannemarokk.jpg"
            ],
            "ItemTitle": "Teekanne Marokkanische Minze 20ST 36G",
            "ItemPrice": "2,29€",
            "ItemUnit": "63,61€/kg",
            "local_image_path": "Lebensmittel/Kaffee & Tee/teekannemarokk.jpg"
          },
          {
            "image_urls": [
              "https://www.edeka24.de/out/pictures/generated/product/1/224_224_90/edeka_bio_haferdrink_mit_soja_barista_1l.jpg"
            ],
            "ItemTitle": "EDEKA Bio Haferdrink mit Soja Barista 1L",
            "ItemPrice": "1,49€",
            "ItemUnit": "1,49€/l",
            "local_image_path": "Wein/ Spirituosen/Spirituosen/highland_park_18_jahre_single_malt_whisky.jpg"
          },
          {
            "image_urls": [
              "https://www.edeka24.de/out/pictures/generated/product/1/224_224_90/tkitalim.jpg"
            ],
            "ItemTitle": "Teekanne Italienische Limone 20ST 50G",
            "ItemPrice": "2,29€",
            "ItemUnit": "45,80€/kg",
            "local_image_path": "Lebensmittel/Kaffee & Tee/tkitalim.jpg"
          },
          {
            "image_urls": [
              "https://www.edeka24.de/out/pictures/generated/product/1/224_224_90/dallmayr_home_barista_caffee_crema_dolce_rainforest_alliance_identity_preserved_ganze_bohne_1kg.jpg"
            ],
            "ItemTitle": "Dallmayr Home Barista Caffee Crema Dolce ganze Bohne 1KG",
            "ItemSalePrice": "11,99€",
            "ItemUnit": "11,99€/kg",
            "local_image_path": "Angebote/default_subcategory/dallmayr_home_barista_caffee_crema_dolce_rainforest_alliance_identity_preserved_ganze_bohne_1kg.jpg"
          },
          {
            "image_urls": [
              "https://www.edeka24.de/out/pictures/generated/product/1/224_224_90/bio_ecaffe_pads_fairtr144g.jpg"
            ],
            "ItemTitle": "EDEKA Bio Kaffeepads Fairtrade 20ST 144G",
            "ItemPrice": "2,49€",
            "ItemUnit": "17,29€/kg",
            "local_image_path": "Lebensmittel/Kaffee & Tee/bio_ecaffe_pads_fairtr144g.jpg"
          },
          {
            "image_urls": [
              "https://www.edeka24.de/out/pictures/generated/product/1/224_224_90/schweitzschmlidunklerstgem..jpg"
            ],
            "ItemTitle": "Schweitzers Schüümli Dunkle Röstung gemahlen 500G",
            "ItemPrice": "7,69€",
            "ItemUnit": "15,38€/kg",
            "local_image_path": "Lebensmittel/Kaffee & Tee/schweitzschmlidunklerstgem..jpg"
          },
          {
            "image_urls": [
              "https://www.edeka24.de/out/pictures/generated/product/1/224_224_90/alnatura_bio_trink_kakao_400_g.jpg"
            ],
            "ItemTitle": "Alnatura Bio Trink Kakao 400G",
            "ItemPrice": "3,49€",
            "ItemUnit": "8,73€/kg",
            "local_image_path": "Bio-Produkte/Getränke von Alnatura/alnatura_bio_trink_kakao_400_g.jpg"
          },
          {
            "image_urls": [
              "https://www.edeka24.de/out/pictures/generated/product/1/224_224_90/kaba_weiamp223e_schokolade_mit_erdbeerampampbrause_85g.jpg"
            ],
            "ItemTitle": "Kaba weiße Schokolade mit Erdbeer-Brause 85G",
            "ItemPrice": "1,19€",
            "ItemUnit": "14,00€/kg",
            "local_image_path": "Lebensmittel/Kaffee & Tee/kaba_weiamp223e_schokolade_mit_erdbeerampampbrause_85g.jpg"
          },
          {
            "image_urls": [
              "https://www.edeka24.de/out/pictures/generated/product/1/224_224_90/teekanne_griechische_aprikose_20st_45g.jpg"
            ],
            "ItemTitle": "Teekanne Griechische Aprikose 20ST 45G",
            "ItemPrice": "2,29€",
            "ItemUnit": "50,89€/kg",
            "local_image_path": "Lebensmittel/Kaffee & Tee/teekanne_griechische_aprikose_20st_45g.jpg"
          },
          {
            "image_urls": [
              "https://www.edeka24.de/out/pictures/generated/product/1/224_224_90/schweizerkrutertee_300_p1.jpg"
            ],
            "ItemTitle": "Ricola Schweizer Kräutertee 200G",
            "ItemPrice": "3,79€",
            "ItemUnit": "18,95€/kg",
            "local_image_path": "Lebensmittel/Kaffee & Tee/schweizerkrutertee_300_p1.jpg"
          },
          {
            "image_urls": [
              "https://www.edeka24.de/out/pictures/generated/product/1/224_224_90/minus_l_sahne_zum_kochen_15_200g.jpg"
            ],
            "ItemTitle": "Minus L Sahne zum Kochen 15% 200G",
            "ItemPrice": "1,59€",
            "ItemUnit": "7,95€/kg",
            "local_image_path": "Lebensmittel/Kaffee & Tee/minus_l_sahne_zum_kochen_15_200g.jpg"
          },
          {
            "image_urls": [
              "https://www.edeka24.de/out/pictures/generated/product/1/224_224_90/bio_lavazza_tierra_organic_1kg.jpg"
            ],
            "ItemTitle": "Lavazza Bio Tierra For Planet ganze Bohnen 1KG",
            "ItemPrice": "18,99€",
            "ItemUnit": "18,99€/kg",
            "local_image_path": "Lebensmittel/Kaffee & Tee/bio_lavazza_tierra_organic_1kg.jpg"
          },
          {
            "image_urls": [
              "https://www.edeka24.de/out/pictures/generated/product/1/224_224_90/alpro_soya_drink_vanille_1l.jpg"
            ],
            "ItemTitle": "Alpro Soya Drink Vanille 1L",
            "ItemPrice": "2,59€",
            "ItemUnit": "2,59€/l",
            "local_image_path": "Lebensmittel/Kaffee & Tee/alpro_soya_drink_vanille_1l.jpg"
          },
          {
            "image_urls": [
              "https://www.edeka24.de/out/pictures/generated/product/1/224_224_90/memer_tee_pfefferminze_gro_50x_225_g.jpg"
            ],
            "ItemTitle": "Meßmer Tee Pfefferminze groß 50ST 112,5G",
            "ItemPrice": "3,79€",
            "ItemUnit": "33,69€/kg",
            "local_image_path": "Lebensmittel/Kaffee & Tee/memer_tee_pfefferminze_gro_50x_225_g.jpg"
          },
          {
            "image_urls": [
              "https://www.edeka24.de/out/pictures/generated/product/1/224_224_90/memer_tee_milde_hagebuttenmischung_25st_75g.jpg"
            ],
            "ItemTitle": "Meßmer Tee Milde Hagebuttenmischung 25ST 75G",
            "ItemPrice": "2,25€",
            "ItemUnit": "30,00€/kg",
            "local_image_path": "Lebensmittel/Kaffee & Tee/memer_tee_milde_hagebuttenmischung_25st_75g.jpg"
          },
          {
            "image_urls": [
              "https://www.edeka24.de/out/pictures/generated/product/1/224_224_90/bio_ecaffe_gemfairtr2x250g.jpg"
            ],
            "ItemTitle": "EDEKA Bio Caffe gemahlen Fairtrade 2x 250G",
            "ItemPrice": "6,79€",
            "ItemUnit": "13,58€/kg",
            "local_image_path": "Lebensmittel/Kaffee & Tee/bio_ecaffe_gemfairtr2x250g.jpg"
          },
          {
            "image_urls": [
              "https://www.edeka24.de/out/pictures/generated/product/1/224_224_90/dallmayr_kaffee_prodomo_naturmild.jpg"
            ],
            "ItemTitle": "Dallmayr Kaffee Prodomo naturmild 500G",
            "ItemPrice": "7,99€",
            "ItemUnit": "15,98€/kg",
            "local_image_path": "Lebensmittel/Kaffee & Tee/dallmayr_kaffee_prodomo_naturmild.jpg"
          },
          {
            "image_urls": [
              "https://www.edeka24.de/out/pictures/generated/product/1/224_224_90/edeka_my_veggie_no_milk_veganer_haferdrink_35_1l.jpg"
            ],
            "ItemTitle": "EDEKA My Veggie No Milk 3,5% 1L",
            "ItemPrice": "1,59€",
            "ItemUnit": "1,59€/l",
            "local_image_path": "Lebensmittel/Kaffee & Tee/edeka_my_veggie_no_milk_veganer_haferdrink_35_1l.jpg"
          },
          {
            "image_urls": [
              "https://www.edeka24.de/out/pictures/generated/product/1/224_224_90/memer_grner_tee_klein_25x_175_g.jpg"
            ],
            "ItemTitle": "Meßmer Grüner Tee klein 25ST 43,75G",
            "ItemPrice": "2,25€",
            "ItemUnit": "51,37€/kg",
            "local_image_path": "Lebensmittel/Kaffee & Tee/memer_grner_tee_klein_25x_175_g.jpg"
          },
          {
            "image_urls": [
              "https://www.edeka24.de/out/pictures/generated/product/1/224_224_90/mvenpick_espresso_bohnen_1000g.jpg"
            ],
            "ItemTitle": "Mövenpick Espresso Bohnen 1KG",
            "ItemPrice": "17,99€",
            "ItemUnit": "17,99€/kg",
            "local_image_path": "Lebensmittel/Kaffee & Tee/mvenpick_espresso_bohnen_1000g.jpg"
          },
          {
            "image_urls": [
              "https://www.edeka24.de/out/pictures/generated/product/1/224_224_90/llhaferdrink.jpg"
            ],
            "ItemTitle": "Landliebe Hafer Drink 1L",
            "ItemPrice": "2,29€",
            "ItemUnit": "2,29€/l",
            "local_image_path": "Lebensmittel/Kaffee & Tee/llhaferdrink.jpg"
          },
          {
            "image_urls": [
              "https://www.edeka24.de/out/pictures/generated/product/1/224_224_90/teekannespanorange.jpg"
            ],
            "ItemTitle": "Teekanne Spanische Orange 20ST 50G",
            "ItemPrice": "2,29€",
            "ItemUnit": "45,80€/kg",
            "local_image_path": "Lebensmittel/Kaffee & Tee/teekannespanorange.jpg"
          },
          {
            "image_urls": [
              "https://www.edeka24.de/out/pictures/generated/product/1/224_224_90/schweitzschmlicremabohne.jpg"
            ],
            "ItemTitle": "Schweitzers Schüümli Crema Bohnen 1KG",
            "ItemPrice": "16,99€",
            "ItemUnit": "16,99€/kg",
            "local_image_path": "Lebensmittel/Kaffee & Tee/schweitzschmlicremabohne.jpg"
          },
          {
            "image_urls": [
              "https://www.edeka24.de/out/pictures/generated/product/1/224_224_90/memer_tee_fenchelaniskmmel_25x_2_g.jpg"
            ],
            "ItemTitle": "Meßmer Tee Fenchel-Anis-Kümmel 25ST 50G",
            "ItemPrice": "2,25€",
            "ItemUnit": "45,00€/kg",
            "local_image_path": "Lebensmittel/Kaffee & Tee/memer_tee_fenchelaniskmmel_25x_2_g.jpg"
          },
          {
            "image_urls": [
              "https://www.edeka24.de/out/pictures/generated/product/1/224_224_90/suchard_express_400g.jpg"
            ],
            "ItemTitle": "Suchard Express 400G",
            "ItemPrice": "2,49€",
            "ItemUnit": "6,23€/kg",
            "local_image_path": "Lebensmittel/Kaffee & Tee/suchard_express_400g.jpg"
          },
          {
            "image_urls": [
              "https://www.edeka24.de/out/pictures/generated/product/1/224_224_90/schweitzschmlimildsanftbohne.jpg"
            ],
            "ItemTitle": "Schweitzers Schüümli Mild & Sanft Bohnen 1KG",
            "ItemPrice": "16,99€",
            "ItemUnit": "16,99€/kg",
            "local_image_path": "Lebensmittel/Kaffee & Tee/schweitzschmlimildsanftbohne.jpg"
          },
          {
            "image_urls": [
              "https://www.edeka24.de/out/pictures/generated/product/1/224_224_90/nescafecrema.jpg"
            ],
            "ItemTitle": "Nescafé Classic Crema 200G",
            "ItemPrice": "8,49€",
            "ItemUnit": "42,45€/kg",
            "local_image_path": "Lebensmittel/Kaffee & Tee/nescafecrema.jpg"
          },
          {
            "image_urls": [
              "https://www.edeka24.de/out/pictures/generated/product/1/224_224_90/coffbespressoforte.jpg"
            ],
            "ItemTitle": "Café Royal CoffeeB Espresso Forte 9ST 56G",
            "ItemPrice": "3,79€",
            "ItemUnit": "67,68€/kg",
            "local_image_path": "Lebensmittel/Kaffee & Tee/coffbespressoforte.jpg"
          },
          {
            "image_urls": [
              "https://www.edeka24.de/out/pictures/generated/product/1/224_224_90/gutampampgamp220nstig_ingwer_tee_25x2g.jpg"
            ],
            "ItemTitle": "Gut &Günstig Ingwer Tee 25ST 50G",
            "ItemPrice": "1,29€",
            "ItemUnit": "25,80€/kg",
            "local_image_path": "Lebensmittel/Kaffee & Tee/gutampampgamp220nstig_ingwer_tee_25x2g.jpg"
          },
          {
            "image_urls": [
              "https://www.edeka24.de/out/pictures/generated/product/1/224_224_90/bio_saliter_kaffeesahne_10_395g.jpg"
            ],
            "ItemTitle": "Saliter Bio Kaffeesahne 10% Fett 395G",
            "ItemPrice": "2,19€",
            "ItemUnit": "5,54€/kg",
            "local_image_path": "Wein/ Spirituosen/Spirituosen/highland_park_18_jahre_single_malt_whisky.jpg"
          },
          {
            "image_urls": [
              "https://www.edeka24.de/out/pictures/generated/product/1/224_224_90/teekannemarokk.jpg"
            ],
            "ItemTitle": "Teekanne Marokkanische Minze 20ST 36G",
            "ItemPrice": "2,29€",
            "ItemUnit": "63,61€/kg",
            "local_image_path": "Lebensmittel/Kaffee & Tee/teekannemarokk.jpg"
          },
          {
            "image_urls": [
              "https://www.edeka24.de/out/pictures/generated/product/1/224_224_90/edeka_bio_haferdrink_mit_soja_barista_1l.jpg"
            ],
            "ItemTitle": "EDEKA Bio Haferdrink mit Soja Barista 1L",
            "ItemPrice": "1,49€",
            "ItemUnit": "1,49€/l",
            "local_image_path": "Wein/ Spirituosen/Spirituosen/highland_park_18_jahre_single_malt_whisky.jpg"
          },
          {
            "image_urls": [
              "https://www.edeka24.de/out/pictures/generated/product/1/224_224_90/tkitalim.jpg"
            ],
            "ItemTitle": "Teekanne Italienische Limone 20ST 50G",
            "ItemPrice": "2,29€",
            "ItemUnit": "45,80€/kg",
            "local_image_path": "Lebensmittel/Kaffee & Tee/tkitalim.jpg"
          },
          {
            "image_urls": [
              "https://www.edeka24.de/out/pictures/generated/product/1/224_224_90/dallmayr_home_barista_caffee_crema_dolce_rainforest_alliance_identity_preserved_ganze_bohne_1kg.jpg"
            ],
            "ItemTitle": "Dallmayr Home Barista Caffee Crema Dolce ganze Bohne 1KG",
            "ItemSalePrice": "11,99€",
            "ItemUnit": "11,99€/kg",
            "local_image_path": "Angebote/default_subcategory/dallmayr_home_barista_caffee_crema_dolce_rainforest_alliance_identity_preserved_ganze_bohne_1kg.jpg"
          },
          {
            "image_urls": [
              "https://www.edeka24.de/out/pictures/generated/product/1/224_224_90/bio_ecaffe_pads_fairtr144g.jpg"
            ],
            "ItemTitle": "EDEKA Bio Kaffeepads Fairtrade 20ST 144G",
            "ItemPrice": "2,49€",
            "ItemUnit": "17,29€/kg",
            "local_image_path": "Lebensmittel/Kaffee & Tee/bio_ecaffe_pads_fairtr144g.jpg"
          },
          {
            "image_urls": [
              "https://www.edeka24.de/out/pictures/generated/product/1/224_224_90/schweitzschmlidunklerstgem..jpg"
            ],
            "ItemTitle": "Schweitzers Schüümli Dunkle Röstung gemahlen 500G",
            "ItemPrice": "7,69€",
            "ItemUnit": "15,38€/kg",
            "local_image_path": "Lebensmittel/Kaffee & Tee/schweitzschmlidunklerstgem..jpg"
          },
          {
            "image_urls": [
              "https://www.edeka24.de/out/pictures/generated/product/1/224_224_90/alnatura_bio_trink_kakao_400_g.jpg"
            ],
            "ItemTitle": "Alnatura Bio Trink Kakao 400G",
            "ItemPrice": "3,49€",
            "ItemUnit": "8,73€/kg",
            "local_image_path": "Bio-Produkte/Getränke von Alnatura/alnatura_bio_trink_kakao_400_g.jpg"
          },
          {
            "image_urls": [
              "https://www.edeka24.de/out/pictures/generated/product/1/224_224_90/kaba_weiamp223e_schokolade_mit_erdbeerampampbrause_85g.jpg"
            ],
            "ItemTitle": "Kaba weiße Schokolade mit Erdbeer-Brause 85G",
            "ItemPrice": "1,19€",
            "ItemUnit": "14,00€/kg",
            "local_image_path": "Lebensmittel/Kaffee & Tee/kaba_weiamp223e_schokolade_mit_erdbeerampampbrause_85g.jpg"
          },
          {
            "image_urls": [
              "https://www.edeka24.de/out/pictures/generated/product/1/224_224_90/memer_tee_apfellimette_20x_25_g.jpg"
            ],
            "ItemTitle": "Meßmer Tee Apfel-Limette 20ST 50G",
            "ItemPrice": "2,49€",
            "ItemUnit": "49,80€/kg",
            "local_image_path": "Lebensmittel/Kaffee & Tee/memer_tee_apfellimette_20x_25_g.jpg"
          },
          {
            "image_urls": [
              "https://www.edeka24.de/out/pictures/generated/product/1/224_224_90/bio_alnakaffee_loeslich_100g.jpg"
            ],
            "ItemTitle": "Alnatura Bio Kaffee löslich 100G",
            "ItemPrice": "5,49€",
            "ItemUnit": "54,90€/kg",
            "local_image_path": "Lebensmittel/Kaffee & Tee/bio_alnakaffee_loeslich_100g.jpg"
          },
          {
            "image_urls": [
              "https://www.edeka24.de/out/pictures/generated/product/1/224_224_90/memer_tee_fenchel_25x_3_g.jpg"
            ],
            "ItemTitle": "Meßmer Tee Fenchel 25ST 75G",
            "ItemPrice": "2,25€",
            "ItemUnit": "30,00€/kg",
            "local_image_path": "Wein/ Spirituosen/Spirituosen/highland_park_18_jahre_single_malt_whisky.jpg"
          },
          {
            "image_urls": [
              "https://www.edeka24.de/out/pictures/generated/product/1/224_224_90/memer_tee_6kruter_mischung_25x_2_g.jpg"
            ],
            "ItemTitle": "Meßmer Tee 6-Kräuter Mischung 25ST 50G",
            "ItemPrice": "2,25€",
            "ItemUnit": "45,00€/kg",
            "local_image_path": "Lebensmittel/Kaffee & Tee/memer_tee_6kruter_mischung_25x_2_g.jpg"
          },
          {
            "image_urls": [
              "https://www.edeka24.de/out/pictures/generated/product/1/224_224_90/krue_cappuccino_fein_.png"
            ],
            "ItemTitle": "Krüger Fein & Cremig Cappuccino 350G",
            "ItemPrice": "5,29€",
            "ItemUnit": "15,11€/kg",
            "local_image_path": "Wein/ Spirituosen/Spirituosen/highland_park_18_jahre_single_malt_whisky.jpg"
          },
          {
            "image_urls": [
              "https://www.edeka24.de/out/pictures/generated/product/1/224_224_90/lavazza_espresso_perfetto_ganze_bohne_1kg.jpg"
            ],
            "ItemTitle": "Lavazza Espresso Barista Gran Crema ganze Bohne 1KG",
            "ItemPrice": "18,99€",
            "ItemUnit": "18,99€/kg",
            "local_image_path": "Lebensmittel/Kaffee & Tee/lavazza_espresso_perfetto_ganze_bohne_1kg.jpg"
          },
          {
            "image_urls": [
              "https://www.edeka24.de/out/pictures/generated/product/1/224_224_90/nescaf_gold_lslicher_bohnenkaffee_entkoffeiniert.jpg"
            ],
            "ItemTitle": "Nescafé Gold Entkoffeiniert 100G",
            "ItemPrice": "6,99€",
            "ItemUnit": "69,90€/kg",
            "local_image_path": "Lebensmittel/Kaffee & Tee/nescaf_gold_lslicher_bohnenkaffee_entkoffeiniert.jpg"
          },
          {
            "image_urls": [
              "https://www.edeka24.de/out/pictures/generated/product/1/224_224_90/2000025201-alnatura-bio-salbei-tee.jpg"
            ],
            "ItemTitle": "Alnatura Bio Salbei Tee 20ST 30G",
            "ItemPrice": "1,79€",
            "ItemUnit": "59,67€/kg",
            "local_image_path": "Bio-Produkte/Getränke von Alnatura/2000025201-alnatura-bio-salbei-tee.jpg"
          },
          {
            "image_urls": [
              "https://www.edeka24.de/out/pictures/generated/product/1/224_224_90/maxwell_house_lamp246slicher_kaffee_klassisch_200g.jpg"
            ],
            "ItemTitle": "Maxwell House Klassisch 200G",
            "ItemPrice": "7,49€",
            "ItemUnit": "37,45€/kg",
            "local_image_path": "Wein/ Spirituosen/Spirituosen/highland_park_18_jahre_single_malt_whisky.jpg"
          },
          {
            "image_urls": [
              "https://www.edeka24.de/out/pictures/generated/product/1/224_224_90/jacobskrnungkrftig.jpg"
            ],
            "ItemTitle": "Jacobs Krönung kräftig gemahlen 500G",
            "ItemPrice": "7,99€",
            "ItemUnit": "15,98€/kg",
            "local_image_path": "Lebensmittel/Kaffee & Tee/jacobskrnungkrftig.jpg"
          },
          {
            "image_urls": [
              "https://www.edeka24.de/out/pictures/generated/product/1/224_224_90/nesquik_standard_dose_900g.jpg"
            ],
            "ItemTitle": "Nesquik Standard Dose 900G",
            "ItemPrice": "5,49€",
            "ItemUnit": "6,10€/kg",
            "local_image_path": "Lebensmittel/Kaffee & Tee/nesquik_standard_dose_900g.jpg"
          },
          {
            "image_urls": [
              "https://www.edeka24.de/out/pictures/generated/product/1/224_224_90/eillescc.jpg"
            ],
            "ItemTitle": "Eilles Caffè Crema ganze Bohne 1kg",
            "ItemPrice": "16,99€",
            "ItemUnit": "16,99€/kg",
            "local_image_path": "Wein/ Spirituosen/Spirituosen/highland_park_18_jahre_single_malt_whisky.jpg"
          },
          {
            "image_urls": [
              "https://www.edeka24.de/out/pictures/generated/product/1/224_224_90/alnaturagrnerteeingwerlemon.jpg"
            ],
            "ItemTitle": "Alnatura Bio Grüner Tee Ingwer Lemon 20ST 30G",
            "ItemPrice": "1,79€",
            "ItemUnit": "59,67€/kg",
            "local_image_path": "Lebensmittel/Kaffee & Tee/alnaturagrnerteeingwerlemon.jpg"
          },
          {
            "image_urls": [
              "https://www.edeka24.de/out/pictures/generated/product/1/224_224_90/jacobs_kaffeepads_mild_18st_118g.jpg"
            ],
            "ItemTitle": "Jacobs Kaffeepads mild 18ST 118G",
            "ItemPrice": "2,49€",
            "ItemUnit": "21,10€/kg",
            "local_image_path": "Lebensmittel/Kaffee & Tee/jacobs_kaffeepads_mild_18st_118g.jpg"
          },
          {
            "image_urls": [
              "https://www.edeka24.de/out/pictures/generated/product/1/224_224_90/cremaegusto_250g_vp_front_ean_8000070038868.jpg"
            ],
            "ItemTitle": "Lavazza Crema e Gusto Filterkaffee 250G",
            "ItemPrice": "4,49€",
            "ItemUnit": "17,96€/kg",
            "local_image_path": "Wein/ Spirituosen/Spirituosen/highland_park_18_jahre_single_malt_whisky.jpg"
          },
          {
            "image_urls": [
              "https://www.edeka24.de/out/pictures/generated/product/1/224_224_90/krgerfamilycappuccinoschoko.jpg"
            ],
            "ItemTitle": "Krüger Family Cappuccino Schoko im Nachfüllbeutel 500G",
            "ItemPrice": "4,79€",
            "ItemUnit": "9,58€/kg",
            "local_image_path": "Lebensmittel/Kaffee & Tee/krgerfamilycappuccinoschoko.jpg"
          },
          {
            "image_urls": [
              "https://www.edeka24.de/out/pictures/generated/product/1/224_224_90/meamp223mer_holunderblamp252telimette_tee_20st_50g.jpg"
            ],
            "ItemTitle": "Meßmer Holunderblüte-Limette Tee 20ST 50G",
            "ItemPrice": "2,49€",
            "ItemUnit": "49,80€/kg",
            "local_image_path": "Wein/ Spirituosen/Spirituosen/highland_park_18_jahre_single_malt_whisky.jpg"
          },
          {
            "image_urls": [
              "https://www.edeka24.de/out/pictures/generated/product/1/224_224_90/memer_grner_tee_zitrone_25x_175_g.jpg"
            ],
            "ItemTitle": "Meßmer Grüner Tee Zitrone 25ST 43,8G",
            "ItemPrice": "2,39€",
            "ItemUnit": "54,57€/kg",
            "local_image_path": "Lebensmittel/Kaffee & Tee/memer_grner_tee_zitrone_25x_175_g.jpg"
          },
          {
            "image_urls": [
              "https://www.edeka24.de/out/pictures/generated/product/1/224_224_90/jacobs_kaffeepads_crema_18st_118g.jpg"
            ],
            "ItemTitle": "Jacobs Kaffeepads crema 18ST 118G",
            "ItemPrice": "2,49€",
            "ItemUnit": "21,10€/kg",
            "local_image_path": "Lebensmittel/Kaffee & Tee/jacobs_kaffeepads_crema_18st_118g.jpg"
          },
          {
            "image_urls": [
              "https://www.edeka24.de/out/pictures/generated/product/1/224_224_90/teekannefenkel.jpg"
            ],
            "ItemTitle": "Teekanne Fenchel 20ST 60G",
            "ItemPrice": "2,19€",
            "ItemUnit": "36,50€/kg",
            "local_image_path": "Wein/ Spirituosen/Spirituosen/highland_park_18_jahre_single_malt_whisky.jpg"
          },
          {
            "image_urls": [
              "https://www.edeka24.de/out/pictures/generated/product/1/224_224_90/bio_edeka_trinkschokolade_vollmilch_220g.jpg"
            ],
            "ItemTitle": "EDEKA Bio Trinkschokolade 40% Kakao 220G",
            "ItemPrice": "3,49€",
            "ItemUnit": "15,86€/kg",
            "local_image_path": "Lebensmittel/Kaffee & Tee/bio_edeka_trinkschokolade_vollmilch_220g.jpg"
          },
          {
            "image_urls": [
              "https://www.edeka24.de/out/pictures/generated/product/1/224_224_90/meamp223mer_hibiskus_23st_46g.jpg"
            ],
            "ItemTitle": "Meßmer Hibiskus 23ST 46G",
            "ItemPrice": "2,25€",
            "ItemUnit": "48,91€/kg",
            "local_image_path": "Lebensmittel/Kaffee & Tee/meamp223mer_hibiskus_23st_46g.jpg"
          },
          {
            "image_urls": [
              "https://www.edeka24.de/out/pictures/generated/product/1/224_224_90/memer_tee_himbeerewaldmeister_20x_25_g.jpg"
            ],
            "ItemTitle": "Meßmer Tee Himbeere-Waldmeister 20ST 50G",
            "ItemPrice": "2,49€",
            "ItemUnit": "49,80€/kg",
            "local_image_path": "Lebensmittel/Kaffee & Tee/memer_tee_himbeerewaldmeister_20x_25_g.jpg"
          },
          {
            "image_urls": [
              "https://www.edeka24.de/out/pictures/generated/product/1/224_224_90/bio_alnmalzkaffee_100g.jpg"
            ],
            "ItemTitle": "Alnatura Bio Malzkaffee 100G",
            "ItemPrice": "3,29€",
            "ItemUnit": "32,90€/kg",
            "local_image_path": "Bio-Produkte/Getränke von Alnatura/bio_alnmalzkaffee_100g.jpg"
          },
          {
            "image_urls": [
              "https://www.edeka24.de/out/pictures/generated/product/1/224_224_90/coffblungoforte.jpg"
            ],
            "ItemTitle": "Café Royal CoffeeB Lungo Forte 9ST 51G",
            "ItemPrice": "3,79€",
            "ItemUnit": "74,31€/kg",
            "local_image_path": "Lebensmittel/Kaffee & Tee/coffblungoforte.jpg"
          },
          {
            "image_urls": [
              "https://www.edeka24.de/out/pictures/generated/product/1/224_224_90/nescafegold.jpg"
            ],
            "ItemTitle": "Nescafé Gold Original 200G",
            "ItemPrice": "12,99€",
            "ItemUnit": "64,95€/kg",
            "local_image_path": "Lebensmittel/Kaffee & Tee/nescafegold.jpg"
          },
          {
            "image_urls": [
              "https://www.edeka24.de/out/pictures/generated/product/1/224_224_90/dallmayr_espresso_d039oro_ganze_bohnen.jpg"
            ],
            "ItemTitle": "Dallmayr Espresso d'Oro ganze Bohnen 1 kg",
            "ItemPrice": "16,99€",
            "ItemUnit": "16,99€/kg",
            "local_image_path": "Lebensmittel/Kaffee & Tee/dallmayr_espresso_d039oro_ganze_bohnen.jpg"
          },
          {
            "image_urls": [
              "https://www.edeka24.de/out/pictures/generated/product/1/224_224_90/meamp223mer_cold_tea_eistee_pfirsich_14st_385g.jpg"
            ],
            "ItemTitle": "Meßmer Cold Tea Eistee Pfirsich 14ST 38,5G",
            "ItemPrice": "3,29€",
            "ItemUnit": "85,45€/kg",
            "local_image_path": "Wein/ Spirituosen/Spirituosen/highland_park_18_jahre_single_malt_whisky.jpg"
          },
          {
            "image_urls": [
              "https://www.edeka24.de/out/pictures/generated/product/1/224_224_90/albertocaffecremapads.jpg"
            ],
            "ItemTitle": "Alberto Caffè Crema Pads 36ST 252G",
            "ItemPrice": "4,99€",
            "ItemUnit": "19,80€/kg",
            "local_image_path": "Wein/ Spirituosen/Spirituosen/highland_park_18_jahre_single_malt_whisky.jpg"
          },
          {
            "image_urls": [
              "https://www.edeka24.de/out/pictures/generated/product/1/224_224_90/segafredo_zanetti_espresso_intermezzo_gemahlen_250g.jpg"
            ],
            "ItemTitle": "Segafredo Zanetti Espresso Intermezzo gemahlen 250G",
            "ItemPrice": "4,49€",
            "ItemUnit": "17,96€/kg",
            "local_image_path": "Wein/ Spirituosen/Spirituosen/highland_park_18_jahre_single_malt_whisky.jpg"
          },
          {
            "image_urls": [
              "https://www.edeka24.de/out/pictures/generated/product/1/224_224_90/memer_tee_apfellimette_20x_25_g.jpg"
            ],
            "ItemTitle": "Meßmer Tee Apfel-Limette 20ST 50G",
            "ItemPrice": "2,49€",
            "ItemUnit": "49,80€/kg",
            "local_image_path": "Lebensmittel/Kaffee & Tee/memer_tee_apfellimette_20x_25_g.jpg"
          },
          {
            "image_urls": [
              "https://www.edeka24.de/out/pictures/generated/product/1/224_224_90/bio_alnakaffee_loeslich_100g.jpg"
            ],
            "ItemTitle": "Alnatura Bio Kaffee löslich 100G",
            "ItemPrice": "5,49€",
            "ItemUnit": "54,90€/kg",
            "local_image_path": "Lebensmittel/Kaffee & Tee/bio_alnakaffee_loeslich_100g.jpg"
          },
          {
            "image_urls": [
              "https://www.edeka24.de/out/pictures/generated/product/1/224_224_90/memer_tee_fenchel_25x_3_g.jpg"
            ],
            "ItemTitle": "Meßmer Tee Fenchel 25ST 75G",
            "ItemPrice": "2,25€",
            "ItemUnit": "30,00€/kg",
            "local_image_path": "Wein/ Spirituosen/Spirituosen/highland_park_18_jahre_single_malt_whisky.jpg"
          },
          {
            "image_urls": [
              "https://www.edeka24.de/out/pictures/generated/product/1/224_224_90/memer_tee_6kruter_mischung_25x_2_g.jpg"
            ],
            "ItemTitle": "Meßmer Tee 6-Kräuter Mischung 25ST 50G",
            "ItemPrice": "2,25€",
            "ItemUnit": "45,00€/kg",
            "local_image_path": "Lebensmittel/Kaffee & Tee/memer_tee_6kruter_mischung_25x_2_g.jpg"
          },
          {
            "image_urls": [
              "https://www.edeka24.de/out/pictures/generated/product/1/224_224_90/krue_cappuccino_fein_.png"
            ],
            "ItemTitle": "Krüger Fein & Cremig Cappuccino 350G",
            "ItemPrice": "5,29€",
            "ItemUnit": "15,11€/kg",
            "local_image_path": "Wein/ Spirituosen/Spirituosen/highland_park_18_jahre_single_malt_whisky.jpg"
          },
          {
            "image_urls": [
              "https://www.edeka24.de/out/pictures/generated/product/1/224_224_90/lavazza_espresso_perfetto_ganze_bohne_1kg.jpg"
            ],
            "ItemTitle": "Lavazza Espresso Barista Gran Crema ganze Bohne 1KG",
            "ItemPrice": "18,99€",
            "ItemUnit": "18,99€/kg",
            "local_image_path": "Lebensmittel/Kaffee & Tee/lavazza_espresso_perfetto_ganze_bohne_1kg.jpg"
          },
          {
            "image_urls": [
              "https://www.edeka24.de/out/pictures/generated/product/1/224_224_90/nescaf_gold_lslicher_bohnenkaffee_entkoffeiniert.jpg"
            ],
            "ItemTitle": "Nescafé Gold Entkoffeiniert 100G",
            "ItemPrice": "6,99€",
            "ItemUnit": "69,90€/kg",
            "local_image_path": "Lebensmittel/Kaffee & Tee/nescaf_gold_lslicher_bohnenkaffee_entkoffeiniert.jpg"
          },
          {
            "image_urls": [
              "https://www.edeka24.de/out/pictures/generated/product/1/224_224_90/2000025201-alnatura-bio-salbei-tee.jpg"
            ],
            "ItemTitle": "Alnatura Bio Salbei Tee 20ST 30G",
            "ItemPrice": "1,79€",
            "ItemUnit": "59,67€/kg",
            "local_image_path": "Bio-Produkte/Getränke von Alnatura/2000025201-alnatura-bio-salbei-tee.jpg"
          },
          {
            "image_urls": [
              "https://www.edeka24.de/out/pictures/generated/product/1/224_224_90/maxwell_house_lamp246slicher_kaffee_klassisch_200g.jpg"
            ],
            "ItemTitle": "Maxwell House Klassisch 200G",
            "ItemPrice": "7,49€",
            "ItemUnit": "37,45€/kg",
            "local_image_path": "Wein/ Spirituosen/Spirituosen/highland_park_18_jahre_single_malt_whisky.jpg"
          },
          {
            "image_urls": [
              "https://www.edeka24.de/out/pictures/generated/product/1/224_224_90/jacobskrnungkrftig.jpg"
            ],
            "ItemTitle": "Jacobs Krönung kräftig gemahlen 500G",
            "ItemPrice": "7,99€",
            "ItemUnit": "15,98€/kg",
            "local_image_path": "Lebensmittel/Kaffee & Tee/jacobskrnungkrftig.jpg"
          },
          {
            "image_urls": [
              "https://www.edeka24.de/out/pictures/generated/product/1/224_224_90/nesquik_standard_dose_900g.jpg"
            ],
            "ItemTitle": "Nesquik Standard Dose 900G",
            "ItemPrice": "5,49€",
            "ItemUnit": "6,10€/kg",
            "local_image_path": "Lebensmittel/Kaffee & Tee/nesquik_standard_dose_900g.jpg"
          },
          {
            "image_urls": [
              "https://www.edeka24.de/out/pictures/generated/product/1/224_224_90/eillescc.jpg"
            ],
            "ItemTitle": "Eilles Caffè Crema ganze Bohne 1kg",
            "ItemPrice": "16,99€",
            "ItemUnit": "16,99€/kg",
            "local_image_path": "Wein/ Spirituosen/Spirituosen/highland_park_18_jahre_single_malt_whisky.jpg"
          },
          {
            "image_urls": [
              "https://www.edeka24.de/out/pictures/generated/product/1/224_224_90/alnaturagrnerteeingwerlemon.jpg"
            ],
            "ItemTitle": "Alnatura Bio Grüner Tee Ingwer Lemon 20ST 30G",
            "ItemPrice": "1,79€",
            "ItemUnit": "59,67€/kg",
            "local_image_path": "Lebensmittel/Kaffee & Tee/alnaturagrnerteeingwerlemon.jpg"
          },
          {
            "image_urls": [
              "https://www.edeka24.de/out/pictures/generated/product/1/224_224_90/jacobs_kaffeepads_mild_18st_118g.jpg"
            ],
            "ItemTitle": "Jacobs Kaffeepads mild 18ST 118G",
            "ItemPrice": "2,49€",
            "ItemUnit": "21,10€/kg",
            "local_image_path": "Lebensmittel/Kaffee & Tee/jacobs_kaffeepads_mild_18st_118g.jpg"
          },
          {
            "image_urls": [
              "https://www.edeka24.de/out/pictures/generated/product/1/224_224_90/cremaegusto_250g_vp_front_ean_8000070038868.jpg"
            ],
            "ItemTitle": "Lavazza Crema e Gusto Filterkaffee 250G",
            "ItemPrice": "4,49€",
            "ItemUnit": "17,96€/kg",
            "local_image_path": "Wein/ Spirituosen/Spirituosen/highland_park_18_jahre_single_malt_whisky.jpg"
          },
          {
            "image_urls": [
              "https://www.edeka24.de/out/pictures/generated/product/1/224_224_90/krgerfamilycappuccinoschoko.jpg"
            ],
            "ItemTitle": "Krüger Family Cappuccino Schoko im Nachfüllbeutel 500G",
            "ItemPrice": "4,79€",
            "ItemUnit": "9,58€/kg",
            "local_image_path": "Lebensmittel/Kaffee & Tee/krgerfamilycappuccinoschoko.jpg"
          },
          {
            "image_urls": [
              "https://www.edeka24.de/out/pictures/generated/product/1/224_224_90/meamp223mer_holunderblamp252telimette_tee_20st_50g.jpg"
            ],
            "ItemTitle": "Meßmer Holunderblüte-Limette Tee 20ST 50G",
            "ItemPrice": "2,49€",
            "ItemUnit": "49,80€/kg",
            "local_image_path": "Wein/ Spirituosen/Spirituosen/highland_park_18_jahre_single_malt_whisky.jpg"
          },
          {
            "image_urls": [
              "https://www.edeka24.de/out/pictures/generated/product/1/224_224_90/memer_grner_tee_zitrone_25x_175_g.jpg"
            ],
            "ItemTitle": "Meßmer Grüner Tee Zitrone 25ST 43,8G",
            "ItemPrice": "2,39€",
            "ItemUnit": "54,57€/kg",
            "local_image_path": "Lebensmittel/Kaffee & Tee/memer_grner_tee_zitrone_25x_175_g.jpg"
          },
          {
            "image_urls": [
              "https://www.edeka24.de/out/pictures/generated/product/1/224_224_90/jacobs_kaffeepads_crema_18st_118g.jpg"
            ],
            "ItemTitle": "Jacobs Kaffeepads crema 18ST 118G",
            "ItemPrice": "2,49€",
            "ItemUnit": "21,10€/kg",
            "local_image_path": "Lebensmittel/Kaffee & Tee/jacobs_kaffeepads_crema_18st_118g.jpg"
          },
          {
            "image_urls": [
              "https://www.edeka24.de/out/pictures/generated/product/1/224_224_90/teekannefenkel.jpg"
            ],
            "ItemTitle": "Teekanne Fenchel 20ST 60G",
            "ItemPrice": "2,19€",
            "ItemUnit": "36,50€/kg",
            "local_image_path": "Wein/ Spirituosen/Spirituosen/highland_park_18_jahre_single_malt_whisky.jpg"
          },
          {
            "image_urls": [
              "https://www.edeka24.de/out/pictures/generated/product/1/224_224_90/bio_edeka_trinkschokolade_vollmilch_220g.jpg"
            ],
            "ItemTitle": "EDEKA Bio Trinkschokolade 40% Kakao 220G",
            "ItemPrice": "3,49€",
            "ItemUnit": "15,86€/kg",
            "local_image_path": "Lebensmittel/Kaffee & Tee/bio_edeka_trinkschokolade_vollmilch_220g.jpg"
          },
          {
            "image_urls": [
              "https://www.edeka24.de/out/pictures/generated/product/1/224_224_90/meamp223mer_hibiskus_23st_46g.jpg"
            ],
            "ItemTitle": "Meßmer Hibiskus 23ST 46G",
            "ItemPrice": "2,25€",
            "ItemUnit": "48,91€/kg",
            "local_image_path": "Lebensmittel/Kaffee & Tee/meamp223mer_hibiskus_23st_46g.jpg"
          },
          {
            "image_urls": [
              "https://www.edeka24.de/out/pictures/generated/product/1/224_224_90/memer_tee_himbeerewaldmeister_20x_25_g.jpg"
            ],
            "ItemTitle": "Meßmer Tee Himbeere-Waldmeister 20ST 50G",
            "ItemPrice": "2,49€",
            "ItemUnit": "49,80€/kg",
            "local_image_path": "Lebensmittel/Kaffee & Tee/memer_tee_himbeerewaldmeister_20x_25_g.jpg"
          },
          {
            "image_urls": [
              "https://www.edeka24.de/out/pictures/generated/product/1/224_224_90/bio_alnmalzkaffee_100g.jpg"
            ],
            "ItemTitle": "Alnatura Bio Malzkaffee 100G",
            "ItemPrice": "3,29€",
            "ItemUnit": "32,90€/kg",
            "local_image_path": "Bio-Produkte/Getränke von Alnatura/bio_alnmalzkaffee_100g.jpg"
          },
          {
            "image_urls": [
              "https://www.edeka24.de/out/pictures/generated/product/1/224_224_90/coffblungoforte.jpg"
            ],
            "ItemTitle": "Café Royal CoffeeB Lungo Forte 9ST 51G",
            "ItemPrice": "3,79€",
            "ItemUnit": "74,31€/kg",
            "local_image_path": "Lebensmittel/Kaffee & Tee/coffblungoforte.jpg"
          },
          {
            "image_urls": [
              "https://www.edeka24.de/out/pictures/generated/product/1/224_224_90/nescafegold.jpg"
            ],
            "ItemTitle": "Nescafé Gold Original 200G",
            "ItemPrice": "12,99€",
            "ItemUnit": "64,95€/kg",
            "local_image_path": "Lebensmittel/Kaffee & Tee/nescafegold.jpg"
          },
          {
            "image_urls": [
              "https://www.edeka24.de/out/pictures/generated/product/1/224_224_90/dallmayr_espresso_d039oro_ganze_bohnen.jpg"
            ],
            "ItemTitle": "Dallmayr Espresso d'Oro ganze Bohnen 1 kg",
            "ItemPrice": "16,99€",
            "ItemUnit": "16,99€/kg",
            "local_image_path": "Lebensmittel/Kaffee & Tee/dallmayr_espresso_d039oro_ganze_bohnen.jpg"
          },
          {
            "image_urls": [
              "https://www.edeka24.de/out/pictures/generated/product/1/224_224_90/meamp223mer_cold_tea_eistee_pfirsich_14st_385g.jpg"
            ],
            "ItemTitle": "Meßmer Cold Tea Eistee Pfirsich 14ST 38,5G",
            "ItemPrice": "3,29€",
            "ItemUnit": "85,45€/kg",
            "local_image_path": "Wein/ Spirituosen/Spirituosen/highland_park_18_jahre_single_malt_whisky.jpg"
          },
          {
            "image_urls": [
              "https://www.edeka24.de/out/pictures/generated/product/1/224_224_90/albertocaffecremapads.jpg"
            ],
            "ItemTitle": "Alberto Caffè Crema Pads 36ST 252G",
            "ItemPrice": "4,99€",
            "ItemUnit": "19,80€/kg",
            "local_image_path": "Wein/ Spirituosen/Spirituosen/highland_park_18_jahre_single_malt_whisky.jpg"
          },
          {
            "image_urls": [
              "https://www.edeka24.de/out/pictures/generated/product/1/224_224_90/segafredo_zanetti_espresso_intermezzo_gemahlen_250g.jpg"
            ],
            "ItemTitle": "Segafredo Zanetti Espresso Intermezzo gemahlen 250G",
            "ItemPrice": "4,49€",
            "ItemUnit": "17,96€/kg",
            "local_image_path": "Wein/ Spirituosen/Spirituosen/highland_park_18_jahre_single_malt_whisky.jpg"
          },
          {
            "image_urls": [
              "https://www.edeka24.de/out/pictures/generated/product/1/224_224_90/memer_tee_brennnesselmischung_25x_2_g.jpg"
            ],
            "ItemTitle": "Meßmer Tee Brennnessel-Mischung 25ST 50G",
            "ItemPrice": "2,25€",
            "ItemUnit": "45,00€/kg",
            "local_image_path": "Lebensmittel/Kaffee & Tee/memer_tee_brennnesselmischung_25x_2_g.jpg"
          },
          {
            "image_urls": [
              "https://www.edeka24.de/out/pictures/generated/product/1/224_224_90/senseostrong.jpg"
            ],
            "ItemTitle": "Senseo Kaffeepads strong 16ST 111G",
            "ItemPrice": "3,29€",
            "ItemUnit": "29,64€/kg",
            "local_image_path": "Lebensmittel/Kaffee & Tee/senseostrong.jpg"
          },
          {
            "image_urls": [
              "https://www.edeka24.de/out/pictures/generated/product/1/224_224_90/krgerfamilycappuccinocaramel-krokant.jpg"
            ],
            "ItemTitle": "Krüger Family Cappuccino Caramel-Krokant im Nachfüllbeutel 500G",
            "ItemPrice": "4,79€",
            "ItemUnit": "9,58€/kg",
            "local_image_path": "Lebensmittel/Kaffee & Tee/krgerfamilycappuccinocaramel-krokant.jpg"
          },
          {
            "image_urls": [
              "https://www.edeka24.de/out/pictures/generated/product/1/224_224_90/memer_bio_tee_alpenkruter_20x_2_g.jpg"
            ],
            "ItemTitle": "Meßmer Bio Tee Alpenkräuter 20ST 40G",
            "ItemPrice": "3,79€",
            "ItemUnit": "94,75€/kg",
            "local_image_path": "Lebensmittel/Kaffee & Tee/memer_bio_tee_alpenkruter_20x_2_g.jpg"
          },
          {
            "image_urls": [
              "https://www.edeka24.de/out/pictures/generated/product/1/224_224_90/bio_blank_roast_mucho_gusto_crema_ganze_bohne_500g.jpg"
            ],
            "ItemTitle": "Bio Blank Roast Mucho Gusto Crema Bohnen 500G",
            "ItemPrice": "8,99€",
            "ItemUnit": "17,98€/kg",
            "local_image_path": "Bio-Produkte/Bio Marken/bio_blank_roast_mucho_gusto_crema_ganze_bohne_500g.jpg"
          },
          {
            "image_urls": [
              "https://www.edeka24.de/out/pictures/generated/product/1/224_224_90/memer_gyptischer_granatapfel_20_stck_50g.jpg"
            ],
            "ItemTitle": "Meßmer Ägyptischer Granatapfel 20ST 50G",
            "ItemPrice": "2,29€",
            "ItemUnit": "45,80€/kg",
            "local_image_path": "Lebensmittel/Kaffee & Tee/memer_gyptischer_granatapfel_20_stck_50g.jpg"
          },
          {
            "image_urls": [
              "https://www.edeka24.de/out/pictures/generated/product/1/224_224_90/memer_tee_rooibos_karamell_20x_2_g.jpg"
            ],
            "ItemTitle": "Meßmer Tee Rooibos Karamell 20ST 40G",
            "ItemPrice": "2,49€",
            "ItemUnit": "62,25€/kg",
            "local_image_path": "Lebensmittel/Kaffee & Tee/memer_tee_rooibos_karamell_20x_2_g.jpg"
          },
          {
            "image_urls": [
              "https://www.edeka24.de/out/pictures/generated/product/1/224_224_90/unbenannt(15).jpg"
            ],
            "ItemTitle": "Jacobs Krönung Instantkaffee 100G",
            "ItemPrice": "6,99€",
            "ItemUnit": "69,90€/kg",
            "local_image_path": "Lebensmittel/Kaffee & Tee/unbenannt(15).jpg"
          },
          {
            "image_urls": [
              "https://www.edeka24.de/out/pictures/generated/product/1/224_224_90/dallmayr_kaffeepads_classic.jpg"
            ],
            "ItemTitle": "Dallmayr Kaffeepads Classic 16+2ST 124G",
            "ItemPrice": "2,69€",
            "ItemUnit": "21,69€/kg",
            "local_image_path": "Lebensmittel/Kaffee & Tee/dallmayr_kaffeepads_classic.jpg"
          },
          {
            "image_urls": [
              "https://www.edeka24.de/out/pictures/generated/product/1/224_224_90/jacobsbaristacrema.jpg"
            ],
            "ItemTitle": "Jacobs Barista Editions Crema Bohne 1kg",
            "ItemPrice": "15,99€",
            "ItemUnit": "15,99€/kg",
            "local_image_path": "Lebensmittel/Kaffee & Tee/jacobsbaristacrema.jpg"
          },
          {
            "image_urls": [
              "https://www.edeka24.de/out/pictures/generated/product/1/224_224_90/meamp223mer_fenchelaniskamp252mmeltee_50st_100g.jpg"
            ],
            "ItemTitle": "Meßmer Fenchel-Anis-Kümmel-Tee 50ST 100G",
            "ItemPrice": "3,79€",
            "ItemUnit": "37,90€/kg",
            "local_image_path": "Lebensmittel/Kaffee & Tee/meamp223mer_fenchelaniskamp252mmeltee_50st_100g.jpg"
          },
          {
            "image_urls": [
              "https://www.edeka24.de/out/pictures/generated/product/1/224_224_90/memer_tee_holunderkirsche_20x_25_g.jpg"
            ],
            "ItemTitle": "Meßmer Tee Holunder-Kirsche 20ST 55G",
            "ItemPrice": "2,49€",
            "ItemUnit": "45,27€/kg",
            "local_image_path": "Lebensmittel/Kaffee & Tee/memer_tee_holunderkirsche_20x_25_g.jpg"
          },
          {
            "image_urls": [
              "https://www.edeka24.de/out/pictures/generated/product/1/224_224_90/lavazza_classico_kaffeepads_18st_125g.jpg"
            ],
            "ItemTitle": "Lavazza Caffe Crema Classico Kaffeepads 18ST 125G",
            "ItemPrice": "3,29€",
            "ItemUnit": "26,32€/kg",
            "local_image_path": "Lebensmittel/Kaffee & Tee/lavazza_classico_kaffeepads_18st_125g.jpg"
          },
          {
            "image_urls": [
              "https://www.edeka24.de/out/pictures/generated/product/1/224_224_90/celliniclassico.jpg"
            ],
            "ItemTitle": "Cellini Classico Espresso Bohnen 1KG",
            "ItemPrice": "18,99€",
            "ItemUnit": "18,99€/kg",
            "local_image_path": "Lebensmittel/Kaffee & Tee/celliniclassico.jpg"
          },
          {
            "image_urls": [
              "https://www.edeka24.de/out/pictures/generated/product/1/224_224_90/meamp223mer_sprung_ins_zauberland_18st_405g.jpg"
            ],
            "ItemTitle": "Meßmer Sprung ins Zauberland 18ST 40,5G",
            "ItemPrice": "2,79€",
            "ItemUnit": "69,75€/kg",
            "local_image_path": "Lebensmittel/Kaffee & Tee/meamp223mer_sprung_ins_zauberland_18st_405g.jpg"
          },
          {
            "image_urls": [
              "https://www.edeka24.de/out/pictures/generated/product/1/224_224_90/nescaf_gold_mild_200g.jpg"
            ],
            "ItemTitle": "Nescafé Gold Mild 200G",
            "ItemPrice": "12,99€",
            "ItemUnit": "64,95€/kg",
            "local_image_path": "Lebensmittel/Kaffee & Tee/nescaf_gold_mild_200g.jpg"
          },
          {
            "image_urls": [
              "https://www.edeka24.de/out/pictures/generated/product/1/224_224_90/schmli_crema_kaffee_ganze_bohnen_1kg.jpg"
            ],
            "ItemTitle": "Schümli Crema Kaffee ganze Bohnen 1KG",
            "ItemPrice": "14,99€",
            "ItemUnit": "14,99€/kg",
            "local_image_path": "Lebensmittel/Kaffee & Tee/schmli_crema_kaffee_ganze_bohnen_1kg.jpg"
          },
          {
            "image_urls": [
              "https://www.edeka24.de/out/pictures/generated/product/1/224_224_90/alprobaristahafer.jpg"
            ],
            "ItemTitle": "Alpro Barista Haferdrink 1L",
            "ItemPrice": "2,69€",
            "ItemUnit": "2,69€/l",
            "local_image_path": "Lebensmittel/Kaffee & Tee/alprobaristahafer.jpg"
          },
          {
            "image_urls": [
              "https://www.edeka24.de/out/pictures/generated/product/1/224_224_90/badhbronchialhustler.jpg"
            ],
            "ItemTitle": "Bad Heilbrunner Husten- und Bronchialtee 8ST 16G",
            "ItemPrice": "1,49€",
            "ItemUnit": "93,13€/kg",
            "local_image_path": "Lebensmittel/Kaffee & Tee/badhbronchialhustler.jpg"
          },
          {
            "image_urls": [
              "https://www.edeka24.de/out/pictures/generated/product/1/224_224_90/kaba_vanille_400g.jpg"
            ],
            "ItemTitle": "Kaba Vanille Nachfüllbeutel 400G",
            "ItemPrice": "3,29€",
            "ItemUnit": "8,23€/kg",
            "local_image_path": "Lebensmittel/Kaffee & Tee/kaba_vanille_400g.jpg"
          },
          {
            "image_urls": [
              "https://www.edeka24.de/out/pictures/generated/product/1/224_224_90/weihenstephan_haltbare_barista_milch_1l.jpg"
            ],
            "ItemTitle": "Weihenstephan Barista Milch 1L",
            "ItemPrice": "2,19€",
            "ItemUnit": "2,19€/l",
            "local_image_path": "Lebensmittel/Kaffee & Tee/weihenstephan_haltbare_barista_milch_1l.jpg"
          },
          {
            "image_urls": [
              "https://www.edeka24.de/out/pictures/generated/product/1/224_224_90/memer_grner_tee_orange_ingwer_25st_438g.jpg"
            ],
            "ItemTitle": "Meßmer Grüner Tee Orange Ingwer 25ST 43,8G",
            "ItemPrice": "2,39€",
            "ItemUnit": "54,57€/kg",
            "local_image_path": "Lebensmittel/Kaffee & Tee/memer_grner_tee_orange_ingwer_25st_438g.jpg"
          },
          {
            "image_urls": [
              "https://www.edeka24.de/out/pictures/generated/product/1/224_224_90/badhpferdauungstee.jpg"
            ],
            "ItemTitle": "Bad Heilbrunner Verdauungs Tee 8ST 14,4G",
            "ItemPrice": "1,49€",
            "ItemUnit": "103,47€/kg",
            "local_image_path": "Lebensmittel/Kaffee & Tee/badhpferdauungstee.jpg"
          },
          {
            "image_urls": [
              "https://www.edeka24.de/out/pictures/generated/product/1/224_224_90/meamp223mer_kanadische_samp252amp223e_cranberry_20st_45g.jpg"
            ],
            "ItemTitle": "Meßmer Kanadische Süsse Cranberry 20ST 45G",
            "ItemPrice": "2,29€",
            "ItemUnit": "50,89€/kg",
            "local_image_path": "Lebensmittel/Kaffee & Tee/meamp223mer_kanadische_samp252amp223e_cranberry_20st_45g.jpg"
          },
          {
            "image_urls": [
              "https://www.edeka24.de/out/pictures/generated/product/1/224_224_90/senseoexstro.jpg"
            ],
            "ItemTitle": "Senseo Kaffeepads extra strong 16ST 111G",
            "ItemPrice": "3,29€",
            "ItemUnit": "29,64€/kg",
            "local_image_path": "Lebensmittel/Kaffee & Tee/senseoexstro.jpg"
          },
          {
            "image_urls": [
              "https://www.edeka24.de/out/pictures/generated/product/1/224_224_90/dallmayr_crema_d039oro_intensa_kaffeepads.jpg"
            ],
            "ItemTitle": "Dallmayr Crema d'Oro Intensa Kaffeepads 16ST 112G",
            "ItemPrice": "2,69€",
            "ItemUnit": "24,02€/kg",
            "local_image_path": "Lebensmittel/Kaffee & Tee/dallmayr_crema_d039oro_intensa_kaffeepads.jpg"
          },
          {
            "image_urls": [
              "https://www.edeka24.de/out/pictures/generated/product/1/224_224_90/bio_alnatura_lindenblamp252ten_tee_20st_36g.jpg"
            ],
            "ItemTitle": "Alnatura Bio Lindenblüten Tee 20ST 36G",
            "ItemPrice": "3,19€",
            "ItemUnit": "88,61€/kg",
            "local_image_path": "Bio-Produkte/Getränke von Alnatura/bio_alnatura_lindenblamp252ten_tee_20st_36g.jpg"
          },
          {
            "image_urls": [
              "https://www.edeka24.de/out/pictures/generated/product/1/224_224_90/bio_blank_roast_mucho_gusto_espresso_ganze_bohne_500g.jpg"
            ],
            "ItemTitle": "Bio Blank Roast Mucho Gusto Espresso Bohnen 500G",
            "ItemPrice": "8,99€",
            "ItemUnit": "17,98€/kg",
            "local_image_path": "Bio-Produkte/Bio Marken/bio_blank_roast_mucho_gusto_espresso_ganze_bohne_500g.jpg"
          },
          {
            "image_urls": [
              "https://www.edeka24.de/out/pictures/generated/product/1/224_224_90/caffecrema_gustoso_1000g_front_ean_8000070027701.jpg"
            ],
            "ItemTitle": "Lavazza Caffe Crema Gustoso Bohnen 1KG",
            "ItemPrice": "15,99€",
            "ItemUnit": "15,99€/kg",
            "local_image_path": "Lebensmittel/Kaffee & Tee/caffecrema_gustoso_1000g_front_ean_8000070027701.jpg"
          },
          {
            "image_urls": [
              "https://www.edeka24.de/out/pictures/generated/product/1/224_224_90/memer_grner_tee_gro.jpg"
            ],
            "ItemTitle": "Meßmer Grüner Tee 50ST 87,5G",
            "ItemPrice": "3,79€",
            "ItemUnit": "43,31€/kg",
            "local_image_path": "Lebensmittel/Kaffee & Tee/memer_grner_tee_gro.jpg"
          },
          {
            "image_urls": [
              "https://www.edeka24.de/out/pictures/generated/product/1/224_224_90/meamp223mer_italienische_limone_20st_50g.jpg"
            ],
            "ItemTitle": "Meßmer Italienische Limone 20ST 50G",
            "ItemPrice": "2,29€",
            "ItemUnit": "45,80€/kg",
            "local_image_path": "Lebensmittel/Kaffee & Tee/meamp223mer_italienische_limone_20st_50g.jpg"
          },
          {
            "image_urls": [
              "https://www.edeka24.de/out/pictures/generated/product/1/224_224_90/jacobsgoldd.jpg"
            ],
            "ItemTitle": "Jacobs Gold Instantkaffee 100G",
            "ItemPrice": "5,99€",
            "ItemUnit": "59,90€/kg",
            "local_image_path": "Lebensmittel/Kaffee & Tee/jacobsgoldd.jpg"
          },
          {
            "image_urls": [
              "https://www.edeka24.de/out/pictures/generated/product/1/224_224_90/senseomild32.jpg"
            ],
            "ItemTitle": "Senseo Kaffee Pads mild 32ST 222G",
            "ItemPrice": "5,49€",
            "ItemUnit": "24,73€/kg",
            "local_image_path": "Lebensmittel/Kaffee & Tee/senseomild32.jpg"
          },
          {
            "image_urls": [
              "https://www.edeka24.de/out/pictures/generated/product/1/224_224_90/nescaf_gold_crema_200g.jpg"
            ],
            "ItemTitle": "Nescafé Gold Crema 200G",
            "ItemPrice": "12,99€",
            "ItemUnit": "64,95€/kg",
            "local_image_path": "Lebensmittel/Kaffee & Tee/nescaf_gold_crema_200g.jpg"
          },
          {
            "image_urls": [
              "https://www.edeka24.de/out/pictures/generated/product/1/224_224_90/jacobsaromabohnen.jpg"
            ],
            "ItemTitle": "Jacobs Krönung Aroma-Bohnen 500G",
            "ItemPrice": "7,99€",
            "ItemUnit": "15,98€/kg",
            "local_image_path": "Lebensmittel/Kaffee & Tee/jacobsaromabohnen.jpg"
          },
          {
            "image_urls": [
              "https://www.edeka24.de/out/pictures/generated/product/1/224_224_90/gepa_fairtrade_italienischer_bio_espresso_ganze_bohnen.jpg"
            ],
            "ItemTitle": "GEPA Fairtrade Italienischer Bio Espresso ganze Bohnen 1KG",
            "ItemPrice": "25,99€",
            "ItemUnit": "25,99€/kg",
            "local_image_path": "Lebensmittel/Kaffee & Tee/gepa_fairtrade_italienischer_bio_espresso_ganze_bohnen.jpg"
          },
          {
            "image_urls": [
              "https://www.edeka24.de/out/pictures/generated/product/1/224_224_90/celliniprestigio.jpg"
            ],
            "ItemTitle": "Cellini Espresso Prestigio 100% Arabica Bohnen 1kg",
            "ItemPrice": "20,99€",
            "ItemUnit": "20,99€/kg",
            "local_image_path": "Lebensmittel/Kaffee & Tee/celliniprestigio.jpg"
          },
          {
            "image_urls": [
              "https://www.edeka24.de/out/pictures/generated/product/1/224_224_90/gepa-benita-bio-cafe.jpg"
            ],
            "ItemTitle": "GEPA Fairtrade Bio Instant Café Benita 100G",
            "ItemPrice": "8,99€",
            "ItemUnit": "89,90€/kg",
            "local_image_path": "Bio-Produkte/Bio Marken/gepa-benita-bio-cafe.jpg"
          },
          {
            "image_urls": [
              "https://www.edeka24.de/out/pictures/generated/product/1/224_224_90/tkhl.jpg"
            ],
            "ItemTitle": "Teekanne Heiße Liebe Tee 20ST 60G",
            "ItemPrice": "2,79€",
            "ItemUnit": "46,50€/kg",
            "local_image_path": "Lebensmittel/Kaffee & Tee/tkhl.jpg"
          },
          {
            "image_urls": [
              "https://www.edeka24.de/out/pictures/generated/product/1/224_224_90/tktrkischerapfel.jpg"
            ],
            "ItemTitle": "Teekanne Türkischer Apfel 20ST 55G",
            "ItemPrice": "2,29€",
            "ItemUnit": "41,64€/kg",
            "local_image_path": "Lebensmittel/Kaffee & Tee/tktrkischerapfel.jpg"
          },
          {
            "image_urls": [
              "https://www.edeka24.de/out/pictures/generated/product/1/224_224_90/krnungmild.png"
            ],
            "ItemTitle": "Jacobs Krönung Kaffee Mild gemahlen 500G",
            "ItemPrice": "7,99€",
            "ItemUnit": "15,98€/kg",
            "local_image_path": "Lebensmittel/Kaffee & Tee/krnungmild.png"
          },
          {
            "image_urls": [
              "https://www.edeka24.de/out/pictures/generated/product/1/224_224_90/melitta_bellacrema_kaffee_lacrema_ganze_bohnen_1kg(1).jpg"
            ],
            "ItemTitle": "Melitta BellaCrema Kaffee LaCrema ganze Bohnen 1kg",
            "ItemPrice": "14,99€",
            "ItemUnit": "14,99€/kg",
            "local_image_path": "Wein/ Spirituosen/Spirituosen/highland_park_18_jahre_single_malt_whisky.jpg"
          },
          {
            "image_urls": [
              "https://www.edeka24.de/out/pictures/generated/product/1/224_224_90/memer_grner_tee_ingwerhonig_25st_438g.jpg"
            ],
            "ItemTitle": "Meßmer Grüner Tee Ingwer-Honig 25ST 43,8G",
            "ItemPrice": "2,39€",
            "ItemUnit": "54,57€/kg",
            "local_image_path": "Lebensmittel/Kaffee & Tee/memer_grner_tee_ingwerhonig_25st_438g.jpg"
          },
          {
            "image_urls": [
              "https://www.edeka24.de/out/pictures/generated/product/1/224_224_90/krgerfamilycappuccinowhite-vanille.jpg"
            ],
            "ItemTitle": "Krüger Family Cappuccino White-Vanille im Nachfüllbeutel 500G",
            "ItemPrice": "4,79€",
            "ItemUnit": "9,58€/kg",
            "local_image_path": "Lebensmittel/Kaffee & Tee/krgerfamilycappuccinowhite-vanille.jpg"
          },
          {
            "image_urls": [
              "https://www.edeka24.de/out/pictures/generated/product/1/224_224_90/dallmayrprodentcoff(1).jpg"
            ],
            "ItemTitle": "Dallmayr Kaffee entkoffeiniert gemahlen 500G",
            "ItemPrice": "8,49€",
            "ItemUnit": "16,98€/kg",
            "local_image_path": "Lebensmittel/Kaffee & Tee/dallmayrprodentcoff(1).jpg"
          },
          {
            "image_urls": [
              "https://www.edeka24.de/out/pictures/generated/product/1/224_224_90/memer_tee_earl_grey_lose_150_g.jpg"
            ],
            "ItemTitle": "Meßmer Tee Earl Grey lose 150G",
            "ItemPrice": "4,79€",
            "ItemUnit": "31,93€/kg",
            "local_image_path": "Lebensmittel/Kaffee & Tee/memer_tee_earl_grey_lose_150_g.jpg"
          },
          {
            "image_urls": [
              "https://www.edeka24.de/out/pictures/generated/product/1/224_224_90/memer_tee_feinster_darjeeling_25x_175_g.jpg"
            ],
            "ItemTitle": "Meßmer Tee Feinster Darjeeling 25ST 43,8G",
            "ItemPrice": "2,25€",
            "ItemUnit": "51,37€/kg",
            "local_image_path": "Wein/ Spirituosen/Spirituosen/highland_park_18_jahre_single_malt_whisky.jpg"
          },
          {
            "image_urls": [
              "https://www.edeka24.de/out/pictures/generated/product/1/224_224_90/badhsalbeitee.jpg"
            ],
            "ItemTitle": "Bad Heilbrunner Salbei Tee 8ST 12,8G",
            "ItemPrice": "1,49€",
            "ItemUnit": "116,41€/kg",
            "local_image_path": "Lebensmittel/Kaffee & Tee/badhsalbeitee.jpg"
          },
          {
            "image_urls": [
              "https://www.edeka24.de/out/pictures/generated/product/1/224_224_90/caffecrema_dolce_1000g_front_ean_8000070027435.jpg"
            ],
            "ItemTitle": "Lavazza Caffe Crema Dolce Bohnen 1KG",
            "ItemPrice": "15,99€",
            "ItemUnit": "15,99€/kg",
            "local_image_path": "Lebensmittel/Kaffee & Tee/caffecrema_dolce_1000g_front_ean_8000070027435.jpg"
          },
          {
            "image_urls": [
              "https://www.edeka24.de/out/pictures/generated/product/1/224_224_90/edeka_elkos_vivede_hustenund_bronchialtee_20st_40g.jpg"
            ],
            "ItemTitle": "elkos VIVEDE Husten- & Bronchialtee 20ST 40G",
            "ItemPrice": "1,39€",
            "ItemUnit": "34,75€/kg",
            "local_image_path": "Lebensmittel/Kaffee & Tee/edeka_elkos_vivede_hustenund_bronchialtee_20st_40g.jpg"
          },
          {
            "image_urls": [
              "https://www.edeka24.de/out/pictures/generated/product/1/224_224_90/dallmayr_crema_doro_mild_amp_fein_kaffeepads_16st_112g.jpg"
            ],
            "ItemTitle": "Dallmayr Crema d´Oro mild & fein Kaffeepads 16ST 112G",
            "ItemPrice": "2,69€",
            "ItemUnit": "24,02€/kg",
            "local_image_path": "Lebensmittel/Kaffee & Tee/dallmayr_crema_doro_mild_amp_fein_kaffeepads_16st_112g.jpg"
          },
          {
            "image_urls": [
              "https://www.edeka24.de/out/pictures/generated/product/1/224_224_90/dallmayr_home_barista_caffee_crema_forte_rainforest_alliance_identity_preserved_ganze_bohne_1kg.jpg"
            ],
            "ItemTitle": "Dallmayr Home Barista Caffè Crema Forte ganze Bohne 1KG",
            "ItemSalePrice": "11,99€",
            "ItemUnit": "11,99€/kg",
            "local_image_path": "Angebote/default_subcategory/dallmayr_home_barista_caffee_crema_forte_rainforest_alliance_identity_preserved_ganze_bohne_1kg.jpg"
          },
          {
            "image_urls": [
              "https://www.edeka24.de/out/pictures/generated/product/1/224_224_90/gepa_bio_schonkaffee_gemahlen_250g.jpg"
            ],
            "ItemTitle": "GEPA Bio Organico mild 250G",
            "ItemPrice": "6,99€",
            "ItemUnit": "27,96€/kg",
            "local_image_path": "Bio-Produkte/Bio Marken/gepa_bio_schonkaffee_gemahlen_250g.jpg"
          },
          {
            "image_urls": [
              "https://www.edeka24.de/out/pictures/generated/product/1/224_224_90/meamp223mer_ingwer_tee_20st_40g.jpg"
            ],
            "ItemTitle": "Meßmer Ingwer Tee 20ST 40G",
            "ItemPrice": "2,49€",
            "ItemUnit": "62,25€/kg",
            "local_image_path": "Lebensmittel/Kaffee & Tee/meamp223mer_ingwer_tee_20st_40g.jpg"
          },
          {
            "image_urls": [
              "https://www.edeka24.de/out/pictures/generated/product/1/224_224_90/alnatura_bio_grner_tee_sencha_lose_75_g.jpg"
            ],
            "ItemTitle": "Alnatura Bio Grüner Tee Sencha lose 75G",
            "ItemPrice": "2,49€",
            "ItemUnit": "33,20€/kg",
            "local_image_path": "Bio-Produkte/Getränke von Alnatura/alnatura_bio_grner_tee_sencha_lose_75_g.jpg"
          },
          {
            "image_urls": [
              "https://www.edeka24.de/out/pictures/generated/product/1/224_224_90/unverpackttrinkschokolade.jpg"
            ],
            "ItemTitle": "Unverpackt Bio Trinkschokolade pur 340G",
            "ItemPrice": "7,99€",
            "ItemUnit": "23,50€/kgzzgl.0,15€Pfand",
            "local_image_path": "Lebensmittel/Kaffee & Tee/unverpackttrinkschokolade.jpg"
          },
          {
            "image_urls": [
              "https://www.edeka24.de/out/pictures/generated/product/1/224_224_90/badhreizzhustentee.jpg"
            ],
            "ItemTitle": "Bad Heilbrunner Reizhusten Tee 8ST 14,4G",
            "ItemPrice": "1,49€",
            "ItemUnit": "103,47€/kg",
            "local_image_path": "Lebensmittel/Kaffee & Tee/badhreizzhustentee.jpg"
          },
          {
            "image_urls": [
              "https://www.edeka24.de/out/pictures/generated/product/1/224_224_90/badhlebergalliertee.jpg"
            ],
            "ItemTitle": "Bad Heilbrunner Leber & Galle Tee 8ST 14G",
            "ItemPrice": "1,49€",
            "ItemUnit": "106,43€/kg",
            "local_image_path": "Lebensmittel/Kaffee & Tee/badhlebergalliertee.jpg"
          },
          {
            "image_urls": [
              "https://www.edeka24.de/out/pictures/generated/product/1/224_224_90/espressobildbearbeitet.png"
            ],
            "ItemTitle": "Alnatura Bio Espresso gemahlen 250G",
            "ItemPrice": "4,79€",
            "ItemUnit": "19,16€/kg",
            "local_image_path": "Bio-Produkte/Getränke von Alnatura/espressobildbearbeitet.png"
          },
          {
            "image_urls": [
              "https://www.edeka24.de/out/pictures/generated/product/1/224_224_90/tkdarjeeling.jpg"
            ],
            "ItemTitle": "Teekanne Darjeeling Finest Selection 24ST 54G",
            "ItemPrice": "3,49€",
            "ItemUnit": "64,63€/kg",
            "local_image_path": "Lebensmittel/Kaffee & Tee/tkdarjeeling.jpg"
          },
          {
            "image_urls": [
              "https://www.edeka24.de/out/pictures/generated/product/1/224_224_90/meamp223mer_italienische_limone_20st_50g.jpg"
            ],
            "ItemTitle": "Meßmer Italienische Limone 20ST 50G",
            "ItemPrice": "2,29€",
            "ItemUnit": "45,80€/kg",
            "local_image_path": "Lebensmittel/Kaffee & Tee/meamp223mer_italienische_limone_20st_50g.jpg"
          },
          {
            "image_urls": [
              "https://www.edeka24.de/out/pictures/generated/product/1/224_224_90/jacobsgoldd.jpg"
            ],
            "ItemTitle": "Jacobs Gold Instantkaffee 100G",
            "ItemPrice": "5,99€",
            "ItemUnit": "59,90€/kg",
            "local_image_path": "Lebensmittel/Kaffee & Tee/jacobsgoldd.jpg"
          },
          {
            "image_urls": [
              "https://www.edeka24.de/out/pictures/generated/product/1/224_224_90/senseomild32.jpg"
            ],
            "ItemTitle": "Senseo Kaffee Pads mild 32ST 222G",
            "ItemPrice": "5,49€",
            "ItemUnit": "24,73€/kg",
            "local_image_path": "Lebensmittel/Kaffee & Tee/senseomild32.jpg"
          },
          {
            "image_urls": [
              "https://www.edeka24.de/out/pictures/generated/product/1/224_224_90/nescaf_gold_crema_200g.jpg"
            ],
            "ItemTitle": "Nescafé Gold Crema 200G",
            "ItemPrice": "12,99€",
            "ItemUnit": "64,95€/kg",
            "local_image_path": "Lebensmittel/Kaffee & Tee/nescaf_gold_crema_200g.jpg"
          },
          {
            "image_urls": [
              "https://www.edeka24.de/out/pictures/generated/product/1/224_224_90/jacobsaromabohnen.jpg"
            ],
            "ItemTitle": "Jacobs Krönung Aroma-Bohnen 500G",
            "ItemPrice": "7,99€",
            "ItemUnit": "15,98€/kg",
            "local_image_path": "Lebensmittel/Kaffee & Tee/jacobsaromabohnen.jpg"
          },
          {
            "image_urls": [
              "https://www.edeka24.de/out/pictures/generated/product/1/224_224_90/gepa_fairtrade_italienischer_bio_espresso_ganze_bohnen.jpg"
            ],
            "ItemTitle": "GEPA Fairtrade Italienischer Bio Espresso ganze Bohnen 1KG",
            "ItemPrice": "25,99€",
            "ItemUnit": "25,99€/kg",
            "local_image_path": "Lebensmittel/Kaffee & Tee/gepa_fairtrade_italienischer_bio_espresso_ganze_bohnen.jpg"
          },
          {
            "image_urls": [
              "https://www.edeka24.de/out/pictures/generated/product/1/224_224_90/celliniprestigio.jpg"
            ],
            "ItemTitle": "Cellini Espresso Prestigio 100% Arabica Bohnen 1kg",
            "ItemPrice": "20,99€",
            "ItemUnit": "20,99€/kg",
            "local_image_path": "Lebensmittel/Kaffee & Tee/celliniprestigio.jpg"
          },
          {
            "image_urls": [
              "https://www.edeka24.de/out/pictures/generated/product/1/224_224_90/gepa-benita-bio-cafe.jpg"
            ],
            "ItemTitle": "GEPA Fairtrade Bio Instant Café Benita 100G",
            "ItemPrice": "8,99€",
            "ItemUnit": "89,90€/kg",
            "local_image_path": "Bio-Produkte/Bio Marken/gepa-benita-bio-cafe.jpg"
          },
          {
            "image_urls": [
              "https://www.edeka24.de/out/pictures/generated/product/1/224_224_90/tkhl.jpg"
            ],
            "ItemTitle": "Teekanne Heiße Liebe Tee 20ST 60G",
            "ItemPrice": "2,79€",
            "ItemUnit": "46,50€/kg",
            "local_image_path": "Lebensmittel/Kaffee & Tee/tkhl.jpg"
          },
          {
            "image_urls": [
              "https://www.edeka24.de/out/pictures/generated/product/1/224_224_90/tktrkischerapfel.jpg"
            ],
            "ItemTitle": "Teekanne Türkischer Apfel 20ST 55G",
            "ItemPrice": "2,29€",
            "ItemUnit": "41,64€/kg",
            "local_image_path": "Lebensmittel/Kaffee & Tee/tktrkischerapfel.jpg"
          },
          {
            "image_urls": [
              "https://www.edeka24.de/out/pictures/generated/product/1/224_224_90/krnungmild.png"
            ],
            "ItemTitle": "Jacobs Krönung Kaffee Mild gemahlen 500G",
            "ItemPrice": "7,99€",
            "ItemUnit": "15,98€/kg",
            "local_image_path": "Lebensmittel/Kaffee & Tee/krnungmild.png"
          },
          {
            "image_urls": [
              "https://www.edeka24.de/out/pictures/generated/product/1/224_224_90/melitta_bellacrema_kaffee_lacrema_ganze_bohnen_1kg(1).jpg"
            ],
            "ItemTitle": "Melitta BellaCrema Kaffee LaCrema ganze Bohnen 1kg",
            "ItemPrice": "14,99€",
            "ItemUnit": "14,99€/kg",
            "local_image_path": "Wein/ Spirituosen/Spirituosen/highland_park_18_jahre_single_malt_whisky.jpg"
          },
          {
            "image_urls": [
              "https://www.edeka24.de/out/pictures/generated/product/1/224_224_90/memer_grner_tee_ingwerhonig_25st_438g.jpg"
            ],
            "ItemTitle": "Meßmer Grüner Tee Ingwer-Honig 25ST 43,8G",
            "ItemPrice": "2,39€",
            "ItemUnit": "54,57€/kg",
            "local_image_path": "Lebensmittel/Kaffee & Tee/memer_grner_tee_ingwerhonig_25st_438g.jpg"
          },
          {
            "image_urls": [
              "https://www.edeka24.de/out/pictures/generated/product/1/224_224_90/krgerfamilycappuccinowhite-vanille.jpg"
            ],
            "ItemTitle": "Krüger Family Cappuccino White-Vanille im Nachfüllbeutel 500G",
            "ItemPrice": "4,79€",
            "ItemUnit": "9,58€/kg",
            "local_image_path": "Lebensmittel/Kaffee & Tee/krgerfamilycappuccinowhite-vanille.jpg"
          },
          {
            "image_urls": [
              "https://www.edeka24.de/out/pictures/generated/product/1/224_224_90/dallmayrprodentcoff(1).jpg"
            ],
            "ItemTitle": "Dallmayr Kaffee entkoffeiniert gemahlen 500G",
            "ItemPrice": "8,49€",
            "ItemUnit": "16,98€/kg",
            "local_image_path": "Lebensmittel/Kaffee & Tee/dallmayrprodentcoff(1).jpg"
          },
          {
            "image_urls": [
              "https://www.edeka24.de/out/pictures/generated/product/1/224_224_90/memer_tee_earl_grey_lose_150_g.jpg"
            ],
            "ItemTitle": "Meßmer Tee Earl Grey lose 150G",
            "ItemPrice": "4,79€",
            "ItemUnit": "31,93€/kg",
            "local_image_path": "Lebensmittel/Kaffee & Tee/memer_tee_earl_grey_lose_150_g.jpg"
          },
          {
            "image_urls": [
              "https://www.edeka24.de/out/pictures/generated/product/1/224_224_90/memer_tee_feinster_darjeeling_25x_175_g.jpg"
            ],
            "ItemTitle": "Meßmer Tee Feinster Darjeeling 25ST 43,8G",
            "ItemPrice": "2,25€",
            "ItemUnit": "51,37€/kg",
            "local_image_path": "Wein/ Spirituosen/Spirituosen/highland_park_18_jahre_single_malt_whisky.jpg"
          },
          {
            "image_urls": [
              "https://www.edeka24.de/out/pictures/generated/product/1/224_224_90/badhsalbeitee.jpg"
            ],
            "ItemTitle": "Bad Heilbrunner Salbei Tee 8ST 12,8G",
            "ItemPrice": "1,49€",
            "ItemUnit": "116,41€/kg",
            "local_image_path": "Lebensmittel/Kaffee & Tee/badhsalbeitee.jpg"
          },
          {
            "image_urls": [
              "https://www.edeka24.de/out/pictures/generated/product/1/224_224_90/caffecrema_dolce_1000g_front_ean_8000070027435.jpg"
            ],
            "ItemTitle": "Lavazza Caffe Crema Dolce Bohnen 1KG",
            "ItemPrice": "15,99€",
            "ItemUnit": "15,99€/kg",
            "local_image_path": "Lebensmittel/Kaffee & Tee/caffecrema_dolce_1000g_front_ean_8000070027435.jpg"
          },
          {
            "image_urls": [
              "https://www.edeka24.de/out/pictures/generated/product/1/224_224_90/edeka_elkos_vivede_hustenund_bronchialtee_20st_40g.jpg"
            ],
            "ItemTitle": "elkos VIVEDE Husten- & Bronchialtee 20ST 40G",
            "ItemPrice": "1,39€",
            "ItemUnit": "34,75€/kg",
            "local_image_path": "Lebensmittel/Kaffee & Tee/edeka_elkos_vivede_hustenund_bronchialtee_20st_40g.jpg"
          },
          {
            "image_urls": [
              "https://www.edeka24.de/out/pictures/generated/product/1/224_224_90/dallmayr_crema_doro_mild_amp_fein_kaffeepads_16st_112g.jpg"
            ],
            "ItemTitle": "Dallmayr Crema d´Oro mild & fein Kaffeepads 16ST 112G",
            "ItemPrice": "2,69€",
            "ItemUnit": "24,02€/kg",
            "local_image_path": "Lebensmittel/Kaffee & Tee/dallmayr_crema_doro_mild_amp_fein_kaffeepads_16st_112g.jpg"
          },
          {
            "image_urls": [
              "https://www.edeka24.de/out/pictures/generated/product/1/224_224_90/dallmayr_home_barista_caffee_crema_forte_rainforest_alliance_identity_preserved_ganze_bohne_1kg.jpg"
            ],
            "ItemTitle": "Dallmayr Home Barista Caffè Crema Forte ganze Bohne 1KG",
            "ItemSalePrice": "11,99€",
            "ItemUnit": "11,99€/kg",
            "local_image_path": "Angebote/default_subcategory/dallmayr_home_barista_caffee_crema_forte_rainforest_alliance_identity_preserved_ganze_bohne_1kg.jpg"
          },
          {
            "image_urls": [
              "https://www.edeka24.de/out/pictures/generated/product/1/224_224_90/gepa_bio_schonkaffee_gemahlen_250g.jpg"
            ],
            "ItemTitle": "GEPA Bio Organico mild 250G",
            "ItemPrice": "6,99€",
            "ItemUnit": "27,96€/kg",
            "local_image_path": "Bio-Produkte/Bio Marken/gepa_bio_schonkaffee_gemahlen_250g.jpg"
          },
          {
            "image_urls": [
              "https://www.edeka24.de/out/pictures/generated/product/1/224_224_90/meamp223mer_ingwer_tee_20st_40g.jpg"
            ],
            "ItemTitle": "Meßmer Ingwer Tee 20ST 40G",
            "ItemPrice": "2,49€",
            "ItemUnit": "62,25€/kg",
            "local_image_path": "Lebensmittel/Kaffee & Tee/meamp223mer_ingwer_tee_20st_40g.jpg"
          },
          {
            "image_urls": [
              "https://www.edeka24.de/out/pictures/generated/product/1/224_224_90/alnatura_bio_grner_tee_sencha_lose_75_g.jpg"
            ],
            "ItemTitle": "Alnatura Bio Grüner Tee Sencha lose 75G",
            "ItemPrice": "2,49€",
            "ItemUnit": "33,20€/kg",
            "local_image_path": "Bio-Produkte/Getränke von Alnatura/alnatura_bio_grner_tee_sencha_lose_75_g.jpg"
          },
          {
            "image_urls": [
              "https://www.edeka24.de/out/pictures/generated/product/1/224_224_90/unverpackttrinkschokolade.jpg"
            ],
            "ItemTitle": "Unverpackt Bio Trinkschokolade pur 340G",
            "ItemPrice": "7,99€",
            "ItemUnit": "23,50€/kgzzgl.0,15€Pfand",
            "local_image_path": "Lebensmittel/Kaffee & Tee/unverpackttrinkschokolade.jpg"
          },
          {
            "image_urls": [
              "https://www.edeka24.de/out/pictures/generated/product/1/224_224_90/badhreizzhustentee.jpg"
            ],
            "ItemTitle": "Bad Heilbrunner Reizhusten Tee 8ST 14,4G",
            "ItemPrice": "1,49€",
            "ItemUnit": "103,47€/kg",
            "local_image_path": "Lebensmittel/Kaffee & Tee/badhreizzhustentee.jpg"
          },
          {
            "image_urls": [
              "https://www.edeka24.de/out/pictures/generated/product/1/224_224_90/badhlebergalliertee.jpg"
            ],
            "ItemTitle": "Bad Heilbrunner Leber & Galle Tee 8ST 14G",
            "ItemPrice": "1,49€",
            "ItemUnit": "106,43€/kg",
            "local_image_path": "Lebensmittel/Kaffee & Tee/badhlebergalliertee.jpg"
          },
          {
            "image_urls": [
              "https://www.edeka24.de/out/pictures/generated/product/1/224_224_90/espressobildbearbeitet.png"
            ],
            "ItemTitle": "Alnatura Bio Espresso gemahlen 250G",
            "ItemPrice": "4,79€",
            "ItemUnit": "19,16€/kg",
            "local_image_path": "Bio-Produkte/Getränke von Alnatura/espressobildbearbeitet.png"
          },
          {
            "image_urls": [
              "https://www.edeka24.de/out/pictures/generated/product/1/224_224_90/tkdarjeeling.jpg"
            ],
            "ItemTitle": "Teekanne Darjeeling Finest Selection 24ST 54G",
            "ItemPrice": "3,49€",
            "ItemUnit": "64,63€/kg",
            "local_image_path": "Lebensmittel/Kaffee & Tee/tkdarjeeling.jpg"
          },
          {
            "image_urls": [
              "https://www.edeka24.de/out/pictures/generated/product/1/224_224_90/melitta_kaffee_des_jahres_500g(1).jpg"
            ],
            "ItemTitle": "Melitta Kaffee des Jahres 500G",
            "ItemPrice": "6,99€",
            "ItemUnit": "13,98€/kg",
            "local_image_path": "Lebensmittel/Kaffee & Tee/melitta_kaffee_des_jahres_500g(1).jpg"
          },
          {
            "image_urls": [
              "https://www.edeka24.de/out/pictures/generated/product/1/224_224_90/memer_tee_feinster_hochlanddarjeeling_lose_150_g.jpg"
            ],
            "ItemTitle": "Meßmer Tee Feinster Hochland-Darjeeling lose 150G",
            "ItemPrice": "6,49€",
            "ItemUnit": "43,27€/kg",
            "local_image_path": "Lebensmittel/Kaffee & Tee/memer_tee_feinster_hochlanddarjeeling_lose_150_g.jpg"
          },
          {
            "image_urls": [
              "https://www.edeka24.de/out/pictures/generated/product/1/224_224_90/cremaearomafront.jpg"
            ],
            "ItemTitle": "Cellini Espresso Crema e Aroma Bohnen 1kg",
            "ItemPrice": "19,99€",
            "ItemUnit": "19,99€/kg",
            "local_image_path": "Wein/ Spirituosen/Spirituosen/highland_park_18_jahre_single_malt_whisky.jpg"
          },
          {
            "image_urls": [
              "https://www.edeka24.de/out/pictures/generated/product/1/224_224_90/gepaorganico.jpg"
            ],
            "ItemTitle": "GEPA Faitrade Bio Cafe Organico naturmild gemahlen 250G",
            "ItemPrice": "6,49€",
            "ItemUnit": "25,96€/kg",
            "local_image_path": "Bio-Produkte/Bio Marken/gepaorganico.jpg"
          },
          {
            "image_urls": [
              "https://www.edeka24.de/out/pictures/generated/product/1/224_224_90/jactasskrn.jpg"
            ],
            "ItemTitle": "Tassimo Jacobs Krönung XL 16ST 144G",
            "ItemPrice": "6,49€",
            "ItemUnit": "45,07€/kg",
            "local_image_path": "Wein/ Spirituosen/Spirituosen/highland_park_18_jahre_single_malt_whisky.jpg"
          },
          {
            "image_urls": [
              "https://www.edeka24.de/out/pictures/generated/product/1/224_224_90/teekanne_sweet_kiss_tee.jpg"
            ],
            "ItemTitle": "Teekanne Sweet Kiss Tee 20ST 60G",
            "ItemPrice": "2,79€",
            "ItemUnit": "46,50€/kg",
            "local_image_path": "Wein/ Spirituosen/Spirituosen/highland_park_18_jahre_single_malt_whisky.jpg"
          },
          {
            "image_urls": [
              "https://www.edeka24.de/out/pictures/generated/product/1/224_224_90/teekanne_herzkirsche_tee.jpg"
            ],
            "ItemTitle": "Teekanne Herzkirsche Tee 20ST 60G",
            "ItemPrice": "2,79€",
            "ItemUnit": "46,50€/kg",
            "local_image_path": "Wein/ Spirituosen/Spirituosen/highland_park_18_jahre_single_malt_whisky.jpg"
          },
          {
            "image_urls": [
              "https://www.edeka24.de/out/pictures/generated/product/1/224_224_90/melitta_bellacrema_espresso_ganze_bohnen_1kg(1).jpg"
            ],
            "ItemTitle": "Melitta BellaCrema Espresso ganze Bohnen 1kg",
            "ItemPrice": "14,99€",
            "ItemUnit": "14,99€/kg",
            "local_image_path": "Wein/ Spirituosen/Spirituosen/highland_park_18_jahre_single_malt_whisky.jpg"
          },
          {
            "image_urls": [
              "https://www.edeka24.de/out/pictures/generated/product/1/224_224_90/nescaf_dolce_gusto_caff_crema_grande_kapseln_16st_128g.jpg"
            ],
            "ItemTitle": "Nescafé Dolce Gusto Caffé Crema Grande Kapseln 16ST 128G",
            "ItemPrice": "5,79€",
            "ItemUnit": "45,23€/kg",
            "local_image_path": "Wein/ Spirituosen/Spirituosen/highland_park_18_jahre_single_malt_whisky.jpg"
          },
          {
            "image_urls": [
              "https://www.edeka24.de/out/pictures/generated/product/1/224_224_90/darbovencafeintencionecologiocremosopads.jpg"
            ],
            "ItemTitle": "Darboven Bio Cafe Intencion ecologico Cremoso Fairtrade 16ST 112G",
            "ItemPrice": "3,49€",
            "ItemUnit": "31,16€/kg",
            "local_image_path": "Bio-Produkte/Bio Marken/darbovencafeintencionecologiocremosopads.jpg"
          },
          {
            "image_urls": [
              "https://www.edeka24.de/out/pictures/generated/product/1/224_224_90/4002720000496_fika_harmonie_entkoffeiniert_500g.jpg"
            ],
            "ItemTitle": "Melitta Kaffee Harmonie entkoffeiniert gemahlen 500G",
            "ItemPrice": "6,49€",
            "ItemUnit": "12,98€/kg",
            "local_image_path": "Lebensmittel/Kaffee & Tee/4002720000496_fika_harmonie_entkoffeiniert_500g.jpg"
          },
          {
            "image_urls": [
              "https://www.edeka24.de/out/pictures/generated/product/1/224_224_90/memer_tee_klassik_entkoffeiniert_25x_175_g.jpg"
            ],
            "ItemTitle": "Meßmer Tee Klassik entkoffeiniert 25ST 43,8G",
            "ItemPrice": "2,25€",
            "ItemUnit": "51,37€/kg",
            "local_image_path": "Wein/ Spirituosen/Spirituosen/highland_park_18_jahre_single_malt_whisky.jpg"
          },
          {
            "image_urls": [
              "https://www.edeka24.de/out/pictures/generated/product/1/224_224_90/sir_winston_tea_broken_orange_pekoe_lose_500g.jpg"
            ],
            "ItemTitle": "Sir Winston Tea Broken Orange Pekoe lose 500G",
            "ItemPrice": "10,99€",
            "ItemUnit": "21,98€/kg",
            "local_image_path": "Wein/ Spirituosen/Spirituosen/highland_park_18_jahre_single_malt_whisky.jpg"
          },
          {
            "image_urls": [
              "https://www.edeka24.de/out/pictures/generated/product/1/224_224_90/schweitzschmliespressbohne.jpg"
            ],
            "ItemTitle": "Schweitzers Schüümli Espresso Bohnen 1KG",
            "ItemPrice": "16,99€",
            "ItemUnit": "16,99€/kg",
            "local_image_path": "Lebensmittel/Kaffee & Tee/schweitzschmliespressbohne.jpg"
          },
          {
            "image_urls": [
              "https://www.edeka24.de/out/pictures/generated/product/1/224_224_90/swtearlgrey.jpg"
            ],
            "ItemTitle": "Sir Winston Tea Earl Grey aromatisierter Tee lose 500G",
            "ItemPrice": "12,49€",
            "ItemUnit": "24,98€/kg",
            "local_image_path": "Lebensmittel/Kaffee & Tee/swtearlgrey.jpg"
          },
          {
            "image_urls": [
              "https://www.edeka24.de/out/pictures/generated/product/1/224_224_90/gepabiocaffecrema.jpg"
            ],
            "ItemTitle": "Gepa Bio Cafe Crema 1KG",
            "ItemPrice": "25,99€",
            "ItemUnit": "25,99€/kg",
            "local_image_path": "Wein/ Spirituosen/Spirituosen/highland_park_18_jahre_single_malt_whisky.jpg"
          },
          {
            "image_urls": [
              "https://www.edeka24.de/out/pictures/generated/product/1/224_224_90/nescafe_dolce_gusto_kapseln_latte_macchiato_88st_1832g.jpg"
            ],
            "ItemTitle": "Nescafé Dolce Gusto Kapseln Latte Macchiato 8ST 183,2G",
            "ItemPrice": "5,79€",
            "ItemUnit": "31,60€/kg",
            "local_image_path": "Wein/ Spirituosen/Spirituosen/highland_park_18_jahre_single_malt_whisky.jpg"
          },
          {
            "image_urls": [
              "https://www.edeka24.de/out/pictures/generated/product/1/224_224_90/cfespressobiokapsel.jpg"
            ],
            "ItemTitle": "Café Royal Bio Espresso Fairtrade Kaffeekapseln 10ST 50G",
            "ItemPrice": "3,49€",
            "ItemUnit": "69,80€/kg",
            "local_image_path": "Bio-Produkte/Bio Marken/cfespressobiokapsel.jpg"
          },
          {
            "image_urls": [
              "https://www.edeka24.de/out/pictures/generated/product/1/224_224_90/bio_teefee_framp252chtetee_erdbeere_20st_30g.jpg"
            ],
            "ItemTitle": "Teefee Bio Erdbeerzauber 20ST 30G",
            "ItemPrice": "3,99€",
            "ItemUnit": "133,00€/kg",
            "local_image_path": "Lebensmittel/Kaffee & Tee/bio_teefee_framp252chtetee_erdbeere_20st_30g.jpg"
          },
          {
            "image_urls": [
              "https://www.edeka24.de/out/pictures/generated/product/1/224_224_90/dallcapsazzu.jpg"
            ],
            "ItemTitle": "Dallmayr Capsa Lungo Azzurro Intensität 8 Kaffeekapseln 10ST 56G",
            "ItemPrice": "3,49€",
            "ItemUnit": "62,32€/kg",
            "local_image_path": "Wein/ Spirituosen/Spirituosen/highland_park_18_jahre_single_malt_whisky.jpg"
          },
          {
            "image_urls": [
              "https://www.edeka24.de/out/pictures/generated/product/1/224_224_90/segafredo_zanetti_selezione_crema_kaffee_ganze_bohnen.jpg"
            ],
            "ItemTitle": "Segafredo Zanetti Selezione Crema Kaffee ganze Bohnen 1 kg",
            "ItemPrice": "20,99€",
            "ItemUnit": "20,99€/kg",
            "local_image_path": "Wein/ Spirituosen/Spirituosen/highland_park_18_jahre_single_malt_whisky.jpg"
          },
          {
            "image_urls": [
              "https://www.edeka24.de/out/pictures/generated/product/1/224_224_90/cflungoschmlikapsel.jpg"
            ],
            "ItemTitle": "Café Royal Schüümli Kaffeekapseln 10ST 52G",
            "ItemPrice": "3,49€",
            "ItemUnit": "67,12€/kg",
            "local_image_path": "Wein/ Spirituosen/Spirituosen/highland_park_18_jahre_single_malt_whisky.jpg"
          },
          {
            "image_urls": [
              "https://www.edeka24.de/out/pictures/generated/product/1/224_224_90/memer_wohlfhltee_energie_ingwerholunderblte_20x_2_g.jpg"
            ],
            "ItemTitle": "Meßmer Wohlfühltee Energie Ingwer-Holunderblüte 20ST 40G",
            "ItemPrice": "2,99€",
            "ItemUnit": "74,75€/kg",
            "local_image_path": "Wein/ Spirituosen/Spirituosen/highland_park_18_jahre_single_malt_whisky.jpg"
          },
          {
            "image_urls": [
              "https://www.edeka24.de/out/pictures/generated/product/1/224_224_90/alnatura_bio_grner_tee_gunpowder_lose_100_g.jpg"
            ],
            "ItemTitle": "Alnatura Bio Grüner Tee Gunpowder lose 100G",
            "ItemPrice": "2,99€",
            "ItemUnit": "29,90€/kg",
            "local_image_path": "Bio-Produkte/Getränke von Alnatura/alnatura_bio_grner_tee_gunpowder_lose_100_g.jpg"
          },
          {
            "image_urls": [
              "https://www.edeka24.de/out/pictures/generated/product/1/224_224_90/jacobstropicalfusion.jpg"
            ],
            "ItemTitle": "Jacobs Barista Edition Crema Tropical Fusion ganze Bohne 1KG",
            "ItemPrice": "15,99€",
            "ItemUnit": "15,99€/kg",
            "local_image_path": "Wein/ Spirituosen/Spirituosen/highland_park_18_jahre_single_malt_whisky.jpg"
          },
          {
            "image_urls": [
              "https://www.edeka24.de/out/pictures/generated/product/1/224_224_90/meamp223mer_ibiza_dream_samp252amp223e_kirsche_20st_50g.jpg"
            ],
            "ItemTitle": "Meßmer Ibiza Dream Süße Kirsche 20ST 50G",
            "ItemPrice": "2,29€",
            "ItemUnit": "45,80€/kg",
            "local_image_path": "Wein/ Spirituosen/Spirituosen/highland_park_18_jahre_single_malt_whisky.jpg"
          },
          {
            "image_urls": [
              "https://www.edeka24.de/out/pictures/generated/product/1/224_224_90/schweitzschmlicremabiobohne.jpg"
            ],
            "ItemTitle": "Schweitzers Bio Fairtrade Schüümli Crema 750g",
            "ItemPrice": "16,99€",
            "ItemUnit": "22,65€/kg",
            "local_image_path": "Wein/ Spirituosen/Spirituosen/highland_park_18_jahre_single_malt_whisky.jpg"
          },
          {
            "image_urls": [
              "https://www.edeka24.de/out/pictures/generated/product/1/224_224_90/segafredo_zanetti_espresso_casa_gemahlen_250_g.jpg"
            ],
            "ItemTitle": "Segafredo Zanetti Espresso Casa gemahlen 250G",
            "ItemPrice": "5,49€",
            "ItemUnit": "21,96€/kg",
            "local_image_path": "Wein/ Spirituosen/Spirituosen/highland_park_18_jahre_single_malt_whisky.jpg"
          },
          {
            "image_urls": [
              "https://www.edeka24.de/out/pictures/generated/product/1/224_224_90/schmliespresso.jpg"
            ],
            "ItemTitle": "Schümli Espresso Bohne 1kg",
            "ItemPrice": "14,99€",
            "ItemUnit": "14,99€/kg",
            "local_image_path": "Wein/ Spirituosen/Spirituosen/highland_park_18_jahre_single_malt_whisky.jpg"
          },
          {
            "image_urls": [
              "https://www.edeka24.de/out/pictures/generated/product/1/224_224_90/sansibarcc.jpg"
            ],
            "ItemTitle": "Sansibar Caffè Crema ganze Bohnen 1 kg",
            "ItemPrice": "18,99€",
            "ItemUnit": "18,99€/kg",
            "local_image_path": "Wein/ Spirituosen/Spirituosen/highland_park_18_jahre_single_malt_whisky.jpg"
          },
          {
            "image_urls": [
              "https://www.edeka24.de/out/pictures/generated/product/1/224_224_90/melitta_kaffee_des_jahres_500g(1).jpg"
            ],
            "ItemTitle": "Melitta Kaffee des Jahres 500G",
            "ItemPrice": "6,99€",
            "ItemUnit": "13,98€/kg",
            "local_image_path": "Lebensmittel/Kaffee & Tee/melitta_kaffee_des_jahres_500g(1).jpg"
          },
          {
            "image_urls": [
              "https://www.edeka24.de/out/pictures/generated/product/1/224_224_90/memer_tee_feinster_hochlanddarjeeling_lose_150_g.jpg"
            ],
            "ItemTitle": "Meßmer Tee Feinster Hochland-Darjeeling lose 150G",
            "ItemPrice": "6,49€",
            "ItemUnit": "43,27€/kg",
            "local_image_path": "Lebensmittel/Kaffee & Tee/memer_tee_feinster_hochlanddarjeeling_lose_150_g.jpg"
          },
          {
            "image_urls": [
              "https://www.edeka24.de/out/pictures/generated/product/1/224_224_90/cremaearomafront.jpg"
            ],
            "ItemTitle": "Cellini Espresso Crema e Aroma Bohnen 1kg",
            "ItemPrice": "19,99€",
            "ItemUnit": "19,99€/kg",
            "local_image_path": "Wein/ Spirituosen/Spirituosen/highland_park_18_jahre_single_malt_whisky.jpg"
          },
          {
            "image_urls": [
              "https://www.edeka24.de/out/pictures/generated/product/1/224_224_90/gepaorganico.jpg"
            ],
            "ItemTitle": "GEPA Faitrade Bio Cafe Organico naturmild gemahlen 250G",
            "ItemPrice": "6,49€",
            "ItemUnit": "25,96€/kg",
            "local_image_path": "Bio-Produkte/Bio Marken/gepaorganico.jpg"
          },
          {
            "image_urls": [
              "https://www.edeka24.de/out/pictures/generated/product/1/224_224_90/jactasskrn.jpg"
            ],
            "ItemTitle": "Tassimo Jacobs Krönung XL 16ST 144G",
            "ItemPrice": "6,49€",
            "ItemUnit": "45,07€/kg",
            "local_image_path": "Wein/ Spirituosen/Spirituosen/highland_park_18_jahre_single_malt_whisky.jpg"
          },
          {
            "image_urls": [
              "https://www.edeka24.de/out/pictures/generated/product/1/224_224_90/teekanne_sweet_kiss_tee.jpg"
            ],
            "ItemTitle": "Teekanne Sweet Kiss Tee 20ST 60G",
            "ItemPrice": "2,79€",
            "ItemUnit": "46,50€/kg",
            "local_image_path": "Wein/ Spirituosen/Spirituosen/highland_park_18_jahre_single_malt_whisky.jpg"
          },
          {
            "image_urls": [
              "https://www.edeka24.de/out/pictures/generated/product/1/224_224_90/teekanne_herzkirsche_tee.jpg"
            ],
            "ItemTitle": "Teekanne Herzkirsche Tee 20ST 60G",
            "ItemPrice": "2,79€",
            "ItemUnit": "46,50€/kg",
            "local_image_path": "Wein/ Spirituosen/Spirituosen/highland_park_18_jahre_single_malt_whisky.jpg"
          },
          {
            "image_urls": [
              "https://www.edeka24.de/out/pictures/generated/product/1/224_224_90/melitta_bellacrema_espresso_ganze_bohnen_1kg(1).jpg"
            ],
            "ItemTitle": "Melitta BellaCrema Espresso ganze Bohnen 1kg",
            "ItemPrice": "14,99€",
            "ItemUnit": "14,99€/kg",
            "local_image_path": "Wein/ Spirituosen/Spirituosen/highland_park_18_jahre_single_malt_whisky.jpg"
          },
          {
            "image_urls": [
              "https://www.edeka24.de/out/pictures/generated/product/1/224_224_90/nescaf_dolce_gusto_caff_crema_grande_kapseln_16st_128g.jpg"
            ],
            "ItemTitle": "Nescafé Dolce Gusto Caffé Crema Grande Kapseln 16ST 128G",
            "ItemPrice": "5,79€",
            "ItemUnit": "45,23€/kg",
            "local_image_path": "Wein/ Spirituosen/Spirituosen/highland_park_18_jahre_single_malt_whisky.jpg"
          },
          {
            "image_urls": [
              "https://www.edeka24.de/out/pictures/generated/product/1/224_224_90/darbovencafeintencionecologiocremosopads.jpg"
            ],
            "ItemTitle": "Darboven Bio Cafe Intencion ecologico Cremoso Fairtrade 16ST 112G",
            "ItemPrice": "3,49€",
            "ItemUnit": "31,16€/kg",
            "local_image_path": "Bio-Produkte/Bio Marken/darbovencafeintencionecologiocremosopads.jpg"
          },
          {
            "image_urls": [
              "https://www.edeka24.de/out/pictures/generated/product/1/224_224_90/4002720000496_fika_harmonie_entkoffeiniert_500g.jpg"
            ],
            "ItemTitle": "Melitta Kaffee Harmonie entkoffeiniert gemahlen 500G",
            "ItemPrice": "6,49€",
            "ItemUnit": "12,98€/kg",
            "local_image_path": "Lebensmittel/Kaffee & Tee/4002720000496_fika_harmonie_entkoffeiniert_500g.jpg"
          },
          {
            "image_urls": [
              "https://www.edeka24.de/out/pictures/generated/product/1/224_224_90/memer_tee_klassik_entkoffeiniert_25x_175_g.jpg"
            ],
            "ItemTitle": "Meßmer Tee Klassik entkoffeiniert 25ST 43,8G",
            "ItemPrice": "2,25€",
            "ItemUnit": "51,37€/kg",
            "local_image_path": "Wein/ Spirituosen/Spirituosen/highland_park_18_jahre_single_malt_whisky.jpg"
          },
          {
            "image_urls": [
              "https://www.edeka24.de/out/pictures/generated/product/1/224_224_90/sir_winston_tea_broken_orange_pekoe_lose_500g.jpg"
            ],
            "ItemTitle": "Sir Winston Tea Broken Orange Pekoe lose 500G",
            "ItemPrice": "10,99€",
            "ItemUnit": "21,98€/kg",
            "local_image_path": "Wein/ Spirituosen/Spirituosen/highland_park_18_jahre_single_malt_whisky.jpg"
          },
          {
            "image_urls": [
              "https://www.edeka24.de/out/pictures/generated/product/1/224_224_90/schweitzschmliespressbohne.jpg"
            ],
            "ItemTitle": "Schweitzers Schüümli Espresso Bohnen 1KG",
            "ItemPrice": "16,99€",
            "ItemUnit": "16,99€/kg",
            "local_image_path": "Lebensmittel/Kaffee & Tee/schweitzschmliespressbohne.jpg"
          },
          {
            "image_urls": [
              "https://www.edeka24.de/out/pictures/generated/product/1/224_224_90/swtearlgrey.jpg"
            ],
            "ItemTitle": "Sir Winston Tea Earl Grey aromatisierter Tee lose 500G",
            "ItemPrice": "12,49€",
            "ItemUnit": "24,98€/kg",
            "local_image_path": "Lebensmittel/Kaffee & Tee/swtearlgrey.jpg"
          },
          {
            "image_urls": [
              "https://www.edeka24.de/out/pictures/generated/product/1/224_224_90/gepabiocaffecrema.jpg"
            ],
            "ItemTitle": "Gepa Bio Cafe Crema 1KG",
            "ItemPrice": "25,99€",
            "ItemUnit": "25,99€/kg",
            "local_image_path": "Wein/ Spirituosen/Spirituosen/highland_park_18_jahre_single_malt_whisky.jpg"
          },
          {
            "image_urls": [
              "https://www.edeka24.de/out/pictures/generated/product/1/224_224_90/nescafe_dolce_gusto_kapseln_latte_macchiato_88st_1832g.jpg"
            ],
            "ItemTitle": "Nescafé Dolce Gusto Kapseln Latte Macchiato 8ST 183,2G",
            "ItemPrice": "5,79€",
            "ItemUnit": "31,60€/kg",
            "local_image_path": "Wein/ Spirituosen/Spirituosen/highland_park_18_jahre_single_malt_whisky.jpg"
          },
          {
            "image_urls": [
              "https://www.edeka24.de/out/pictures/generated/product/1/224_224_90/cfespressobiokapsel.jpg"
            ],
            "ItemTitle": "Café Royal Bio Espresso Fairtrade Kaffeekapseln 10ST 50G",
            "ItemPrice": "3,49€",
            "ItemUnit": "69,80€/kg",
            "local_image_path": "Bio-Produkte/Bio Marken/cfespressobiokapsel.jpg"
          },
          {
            "image_urls": [
              "https://www.edeka24.de/out/pictures/generated/product/1/224_224_90/bio_teefee_framp252chtetee_erdbeere_20st_30g.jpg"
            ],
            "ItemTitle": "Teefee Bio Erdbeerzauber 20ST 30G",
            "ItemPrice": "3,99€",
            "ItemUnit": "133,00€/kg",
            "local_image_path": "Lebensmittel/Kaffee & Tee/bio_teefee_framp252chtetee_erdbeere_20st_30g.jpg"
          },
          {
            "image_urls": [
              "https://www.edeka24.de/out/pictures/generated/product/1/224_224_90/dallcapsazzu.jpg"
            ],
            "ItemTitle": "Dallmayr Capsa Lungo Azzurro Intensität 8 Kaffeekapseln 10ST 56G",
            "ItemPrice": "3,49€",
            "ItemUnit": "62,32€/kg",
            "local_image_path": "Wein/ Spirituosen/Spirituosen/highland_park_18_jahre_single_malt_whisky.jpg"
          },
          {
            "image_urls": [
              "https://www.edeka24.de/out/pictures/generated/product/1/224_224_90/segafredo_zanetti_selezione_crema_kaffee_ganze_bohnen.jpg"
            ],
            "ItemTitle": "Segafredo Zanetti Selezione Crema Kaffee ganze Bohnen 1 kg",
            "ItemPrice": "20,99€",
            "ItemUnit": "20,99€/kg",
            "local_image_path": "Wein/ Spirituosen/Spirituosen/highland_park_18_jahre_single_malt_whisky.jpg"
          },
          {
            "image_urls": [
              "https://www.edeka24.de/out/pictures/generated/product/1/224_224_90/cflungoschmlikapsel.jpg"
            ],
            "ItemTitle": "Café Royal Schüümli Kaffeekapseln 10ST 52G",
            "ItemPrice": "3,49€",
            "ItemUnit": "67,12€/kg",
            "local_image_path": "Wein/ Spirituosen/Spirituosen/highland_park_18_jahre_single_malt_whisky.jpg"
          },
          {
            "image_urls": [
              "https://www.edeka24.de/out/pictures/generated/product/1/224_224_90/memer_wohlfhltee_energie_ingwerholunderblte_20x_2_g.jpg"
            ],
            "ItemTitle": "Meßmer Wohlfühltee Energie Ingwer-Holunderblüte 20ST 40G",
            "ItemPrice": "2,99€",
            "ItemUnit": "74,75€/kg",
            "local_image_path": "Wein/ Spirituosen/Spirituosen/highland_park_18_jahre_single_malt_whisky.jpg"
          },
          {
            "image_urls": [
              "https://www.edeka24.de/out/pictures/generated/product/1/224_224_90/alnatura_bio_grner_tee_gunpowder_lose_100_g.jpg"
            ],
            "ItemTitle": "Alnatura Bio Grüner Tee Gunpowder lose 100G",
            "ItemPrice": "2,99€",
            "ItemUnit": "29,90€/kg",
            "local_image_path": "Bio-Produkte/Getränke von Alnatura/alnatura_bio_grner_tee_gunpowder_lose_100_g.jpg"
          },
          {
            "image_urls": [
              "https://www.edeka24.de/out/pictures/generated/product/1/224_224_90/jacobstropicalfusion.jpg"
            ],
            "ItemTitle": "Jacobs Barista Edition Crema Tropical Fusion ganze Bohne 1KG",
            "ItemPrice": "15,99€",
            "ItemUnit": "15,99€/kg",
            "local_image_path": "Wein/ Spirituosen/Spirituosen/highland_park_18_jahre_single_malt_whisky.jpg"
          },
          {
            "image_urls": [
              "https://www.edeka24.de/out/pictures/generated/product/1/224_224_90/meamp223mer_ibiza_dream_samp252amp223e_kirsche_20st_50g.jpg"
            ],
            "ItemTitle": "Meßmer Ibiza Dream Süße Kirsche 20ST 50G",
            "ItemPrice": "2,29€",
            "ItemUnit": "45,80€/kg",
            "local_image_path": "Wein/ Spirituosen/Spirituosen/highland_park_18_jahre_single_malt_whisky.jpg"
          },
          {
            "image_urls": [
              "https://www.edeka24.de/out/pictures/generated/product/1/224_224_90/schweitzschmlicremabiobohne.jpg"
            ],
            "ItemTitle": "Schweitzers Bio Fairtrade Schüümli Crema 750g",
            "ItemPrice": "16,99€",
            "ItemUnit": "22,65€/kg",
            "local_image_path": "Wein/ Spirituosen/Spirituosen/highland_park_18_jahre_single_malt_whisky.jpg"
          },
          {
            "image_urls": [
              "https://www.edeka24.de/out/pictures/generated/product/1/224_224_90/segafredo_zanetti_espresso_casa_gemahlen_250_g.jpg"
            ],
            "ItemTitle": "Segafredo Zanetti Espresso Casa gemahlen 250G",
            "ItemPrice": "5,49€",
            "ItemUnit": "21,96€/kg",
            "local_image_path": "Wein/ Spirituosen/Spirituosen/highland_park_18_jahre_single_malt_whisky.jpg"
          },
          {
            "image_urls": [
              "https://www.edeka24.de/out/pictures/generated/product/1/224_224_90/schmliespresso.jpg"
            ],
            "ItemTitle": "Schümli Espresso Bohne 1kg",
            "ItemPrice": "14,99€",
            "ItemUnit": "14,99€/kg",
            "local_image_path": "Wein/ Spirituosen/Spirituosen/highland_park_18_jahre_single_malt_whisky.jpg"
          },
          {
            "image_urls": [
              "https://www.edeka24.de/out/pictures/generated/product/1/224_224_90/sansibarcc.jpg"
            ],
            "ItemTitle": "Sansibar Caffè Crema ganze Bohnen 1 kg",
            "ItemPrice": "18,99€",
            "ItemUnit": "18,99€/kg",
            "local_image_path": "Wein/ Spirituosen/Spirituosen/highland_park_18_jahre_single_malt_whisky.jpg"
          },
          {
            "image_urls": [
              "https://www.edeka24.de/out/pictures/generated/product/1/224_224_90/segafredo_zanetti_selezione_oro_kaffee_ganze_bohnen_1_kg.jpg"
            ],
            "ItemTitle": "Segafredo Zanetti Selezione Espresso Forte E Intenso Bohnen 1KG",
            "ItemPrice": "20,99€",
            "ItemUnit": "20,99€/kg",
            "local_image_path": "Lebensmittel/Kaffee & Tee/segafredo_zanetti_selezione_oro_kaffee_ganze_bohnen_1_kg.jpg"
          },
          {
            "image_urls": [
              "https://www.edeka24.de/out/pictures/generated/product/1/224_224_90/dallmayr_kaffeepads_prodomo.jpg"
            ],
            "ItemTitle": "Dallmayr Kaffeepads Prodomo 16ST 112G",
            "ItemPrice": "2,69€",
            "ItemUnit": "24,02€/kg",
            "local_image_path": "Lebensmittel/Kaffee & Tee/dallmayr_kaffeepads_prodomo.jpg"
          },
          {
            "image_urls": [
              "https://www.edeka24.de/out/pictures/generated/product/1/224_224_90/cfhazelnutkapsel.jpg"
            ],
            "ItemTitle": "Café Royal Hazelnut Kaffeekapseln 10ST 50G",
            "ItemPrice": "3,49€",
            "ItemUnit": "69,80€/kg",
            "local_image_path": "Lebensmittel/Kaffee & Tee/cfhazelnutkapsel.jpg"
          },
          {
            "image_urls": [
              "https://www.edeka24.de/out/pictures/generated/product/1/224_224_90/nestelenesquick250g.jpg"
            ],
            "ItemTitle": "Nestle Nesquik Kakao 250G",
            "ItemPrice": "2,49€",
            "ItemUnit": "9,96€/kg",
            "local_image_path": "Lebensmittel/Kaffee & Tee/nestelenesquick250g.jpg"
          },
          {
            "image_urls": [
              "https://www.edeka24.de/out/pictures/generated/product/1/224_224_90/jaclungointenso.jpg"
            ],
            "ItemTitle": "Jacobs Lungo 8 Intenso Kaffeekapseln 20ST 104G",
            "ItemPrice": "5,49€",
            "ItemUnit": "52,79€/kg",
            "local_image_path": "Lebensmittel/Kaffee & Tee/jaclungointenso.jpg"
          },
          {
            "image_urls": [
              "https://www.edeka24.de/out/pictures/generated/product/1/224_224_90/yogi_tea_bio_ingwer_zitrone_17x_18_g.jpg"
            ],
            "ItemTitle": "Yogi Tea Bio Ingwer Zitrone 17ST 30,6G",
            "ItemPrice": "3,29€",
            "ItemUnit": "107,52€/kg",
            "local_image_path": "Bio-Produkte/Bio Marken/yogi_tea_bio_ingwer_zitrone_17x_18_g.jpg"
          },
          {
            "image_urls": [
              "https://www.edeka24.de/out/pictures/generated/product/1/224_224_90/memer_schwarztee_assam_und_ceylon_nr_10_lose_400_g.jpg"
            ],
            "ItemTitle": "Meßmer Schwarztee Assam und Ceylon Nr. 10 lose 400G",
            "ItemPrice": "6,79€",
            "ItemUnit": "16,98€/kg",
            "local_image_path": "Lebensmittel/Kaffee & Tee/memer_schwarztee_assam_und_ceylon_nr_10_lose_400_g.jpg"
          },
          {
            "image_urls": [
              "https://www.edeka24.de/out/pictures/generated/product/1/224_224_90/gepacafbeni.jpg"
            ],
            "ItemTitle": "Bio Gepa Benita Entkoffeiniert 100G",
            "ItemPrice": "9,99€",
            "ItemUnit": "99,90€/kg",
            "local_image_path": "Lebensmittel/Kaffee & Tee/gepacafbeni.jpg"
          },
          {
            "image_urls": [
              "https://www.edeka24.de/out/pictures/generated/product/1/224_224_90/tkostfriesengold.jpg"
            ],
            "ItemTitle": "Teekanne Ostfriesen Gold lose 500G",
            "ItemPrice": "8,49€",
            "ItemUnit": "16,98€/kg",
            "local_image_path": "Lebensmittel/Kaffee & Tee/tkostfriesengold.jpg"
          },
          {
            "image_urls": [
              "https://www.edeka24.de/out/pictures/generated/product/1/224_224_90/cellinicremaspeciale.jpg"
            ],
            "ItemTitle": "Cellini Espresso Crema Speciale Ganze Bohnen 1kg",
            "ItemPrice": "18,99€",
            "ItemUnit": "18,99€/kg",
            "local_image_path": "Lebensmittel/Kaffee & Tee/cellinicremaspeciale.jpg"
          },
          {
            "image_urls": [
              "https://www.edeka24.de/out/pictures/generated/product/1/224_224_90/memer_tee_rooibos_wildkirsche.jpg"
            ],
            "ItemTitle": "Meßmer Tee Rooibos Wildkirsche 20ST 40G",
            "ItemPrice": "2,49€",
            "ItemUnit": "62,25€/kg",
            "local_image_path": "Wein/ Spirituosen/Spirituosen/highland_park_18_jahre_single_malt_whisky.jpg"
          },
          {
            "image_urls": [
              "https://www.edeka24.de/out/pictures/generated/product/1/224_224_90/melitta_bellacrema_kaffee_speciale_ganze_bohnen_1kg(1).jpg"
            ],
            "ItemTitle": "Melitta BellaCrema Kaffee Speciale ganze Bohnen 1kg",
            "ItemPrice": "14,99€",
            "ItemUnit": "14,99€/kg",
            "local_image_path": "Wein/ Spirituosen/Spirituosen/highland_park_18_jahre_single_malt_whisky.jpg"
          },
          {
            "image_urls": [
              "https://www.edeka24.de/out/pictures/generated/product/1/224_224_90/jactassesprclass.jpg"
            ],
            "ItemTitle": "Tassimo Jacobs Kaffee Espresso Classico 16ST 118,4G",
            "ItemPrice": "6,49€",
            "ItemUnit": "54,81€/kg",
            "local_image_path": "Lebensmittel/Kaffee & Tee/jactassesprclass.jpg"
          },
          {
            "image_urls": [
              "https://www.edeka24.de/out/pictures/generated/product/1/224_224_90/segafredo_zanetti_selezione_oro_kaffee_ganze_bohnen_1_kg.jpg"
            ],
            "ItemTitle": "Segafredo Zanetti Selezione Espresso Forte E Intenso Bohnen 1KG",
            "ItemPrice": "20,99€",
            "ItemUnit": "20,99€/kg",
            "local_image_path": "Lebensmittel/Kaffee & Tee/segafredo_zanetti_selezione_oro_kaffee_ganze_bohnen_1_kg.jpg"
          },
          {
            "image_urls": [
              "https://www.edeka24.de/out/pictures/generated/product/1/224_224_90/dallmayr_kaffeepads_prodomo.jpg"
            ],
            "ItemTitle": "Dallmayr Kaffeepads Prodomo 16ST 112G",
            "ItemPrice": "2,69€",
            "ItemUnit": "24,02€/kg",
            "local_image_path": "Lebensmittel/Kaffee & Tee/dallmayr_kaffeepads_prodomo.jpg"
          },
          {
            "image_urls": [
              "https://www.edeka24.de/out/pictures/generated/product/1/224_224_90/cfhazelnutkapsel.jpg"
            ],
            "ItemTitle": "Café Royal Hazelnut Kaffeekapseln 10ST 50G",
            "ItemPrice": "3,49€",
            "ItemUnit": "69,80€/kg",
            "local_image_path": "Lebensmittel/Kaffee & Tee/cfhazelnutkapsel.jpg"
          },
          {
            "image_urls": [
              "https://www.edeka24.de/out/pictures/generated/product/1/224_224_90/nestelenesquick250g.jpg"
            ],
            "ItemTitle": "Nestle Nesquik Kakao 250G",
            "ItemPrice": "2,49€",
            "ItemUnit": "9,96€/kg",
            "local_image_path": "Lebensmittel/Kaffee & Tee/nestelenesquick250g.jpg"
          },
          {
            "image_urls": [
              "https://www.edeka24.de/out/pictures/generated/product/1/224_224_90/jaclungointenso.jpg"
            ],
            "ItemTitle": "Jacobs Lungo 8 Intenso Kaffeekapseln 20ST 104G",
            "ItemPrice": "5,49€",
            "ItemUnit": "52,79€/kg",
            "local_image_path": "Lebensmittel/Kaffee & Tee/jaclungointenso.jpg"
          },
          {
            "image_urls": [
              "https://www.edeka24.de/out/pictures/generated/product/1/224_224_90/yogi_tea_bio_ingwer_zitrone_17x_18_g.jpg"
            ],
            "ItemTitle": "Yogi Tea Bio Ingwer Zitrone 17ST 30,6G",
            "ItemPrice": "3,29€",
            "ItemUnit": "107,52€/kg",
            "local_image_path": "Bio-Produkte/Bio Marken/yogi_tea_bio_ingwer_zitrone_17x_18_g.jpg"
          },
          {
            "image_urls": [
              "https://www.edeka24.de/out/pictures/generated/product/1/224_224_90/memer_schwarztee_assam_und_ceylon_nr_10_lose_400_g.jpg"
            ],
            "ItemTitle": "Meßmer Schwarztee Assam und Ceylon Nr. 10 lose 400G",
            "ItemPrice": "6,79€",
            "ItemUnit": "16,98€/kg",
            "local_image_path": "Lebensmittel/Kaffee & Tee/memer_schwarztee_assam_und_ceylon_nr_10_lose_400_g.jpg"
          },
          {
            "image_urls": [
              "https://www.edeka24.de/out/pictures/generated/product/1/224_224_90/gepacafbeni.jpg"
            ],
            "ItemTitle": "Bio Gepa Benita Entkoffeiniert 100G",
            "ItemPrice": "9,99€",
            "ItemUnit": "99,90€/kg",
            "local_image_path": "Lebensmittel/Kaffee & Tee/gepacafbeni.jpg"
          },
          {
            "image_urls": [
              "https://www.edeka24.de/out/pictures/generated/product/1/224_224_90/tkostfriesengold.jpg"
            ],
            "ItemTitle": "Teekanne Ostfriesen Gold lose 500G",
            "ItemPrice": "8,49€",
            "ItemUnit": "16,98€/kg",
            "local_image_path": "Lebensmittel/Kaffee & Tee/tkostfriesengold.jpg"
          },
          {
            "image_urls": [
              "https://www.edeka24.de/out/pictures/generated/product/1/224_224_90/cellinicremaspeciale.jpg"
            ],
            "ItemTitle": "Cellini Espresso Crema Speciale Ganze Bohnen 1kg",
            "ItemPrice": "18,99€",
            "ItemUnit": "18,99€/kg",
            "local_image_path": "Lebensmittel/Kaffee & Tee/cellinicremaspeciale.jpg"
          },
          {
            "image_urls": [
              "https://www.edeka24.de/out/pictures/generated/product/1/224_224_90/memer_tee_rooibos_wildkirsche.jpg"
            ],
            "ItemTitle": "Meßmer Tee Rooibos Wildkirsche 20ST 40G",
            "ItemPrice": "2,49€",
            "ItemUnit": "62,25€/kg",
            "local_image_path": "Wein/ Spirituosen/Spirituosen/highland_park_18_jahre_single_malt_whisky.jpg"
          },
          {
            "image_urls": [
              "https://www.edeka24.de/out/pictures/generated/product/1/224_224_90/melitta_bellacrema_kaffee_speciale_ganze_bohnen_1kg(1).jpg"
            ],
            "ItemTitle": "Melitta BellaCrema Kaffee Speciale ganze Bohnen 1kg",
            "ItemPrice": "14,99€",
            "ItemUnit": "14,99€/kg",
            "local_image_path": "Wein/ Spirituosen/Spirituosen/highland_park_18_jahre_single_malt_whisky.jpg"
          },
          {
            "image_urls": [
              "https://www.edeka24.de/out/pictures/generated/product/1/224_224_90/jactassesprclass.jpg"
            ],
            "ItemTitle": "Tassimo Jacobs Kaffee Espresso Classico 16ST 118,4G",
            "ItemPrice": "6,49€",
            "ItemUnit": "54,81€/kg",
            "local_image_path": "Lebensmittel/Kaffee & Tee/jactassesprclass.jpg"
          }
        ]
      }
    ]
  },
  {
    "CategoryTitle": "Lebensmittel",
    "Subcategories": [
      {
        "subcategoryTitle": "Internationales",
        "productItems": [
          {
            "image_urls": [
              "https://www.edeka24.de/out/pictures/generated/product/1/224_224_90/edeka_kokosnussmilch_400_ml.jpg"
            ],
            "ItemTitle": "EDEKA Kokosnussmilch 400ML",
            "ItemPrice": "1,79€",
            "ItemUnit": "4,48€/l",
            "local_image_path": "Lebensmittel/Internationales/edeka_kokosnussmilch_400_ml.jpg"
          },
          {
            "image_urls": [
              "https://www.edeka24.de/out/pictures/generated/product/1/224_224_90/edekaasianutswasabi.jpg"
            ],
            "ItemTitle": "EDEKA Asia Nuts Wasabi Style 150G",
            "ItemPrice": "1,89€",
            "ItemUnit": "12,60€/kg",
            "local_image_path": "Lebensmittel/Internationales/edekaasianutswasabi.jpg"
          },
          {
            "image_urls": [
              "https://www.edeka24.de/out/pictures/generated/product/1/224_224_90/bio_edeka_kokosnusswasser_330ml.jpg"
            ],
            "ItemTitle": "EDEKA Bio Kokoswasser 330ML",
            "ItemPrice": "1,89€",
            "ItemUnit": "5,73€/l",
            "local_image_path": "Bio-Produkte/Bio Marken/bio_edeka_kokosnusswasser_330ml.jpg"
          },
          {
            "image_urls": [
              "https://www.edeka24.de/out/pictures/generated/product/1/224_224_90/ming_chu_sambal_oelek_200g.jpg"
            ],
            "ItemTitle": "Ming Chu Sambal Oelek 200G",
            "ItemPrice": "1,79€",
            "ItemUnit": "8,95€/kg",
            "local_image_path": "Lebensmittel/Internationales/ming_chu_sambal_oelek_200g.jpg"
          },
          {
            "image_urls": [
              "https://www.edeka24.de/out/pictures/generated/product/1/224_224_90/ming_chu_mie_nudeln_ohne_ei_250g.jpg"
            ],
            "ItemTitle": "Ming Chu Mie Nudeln ohne Ei 250G",
            "ItemPrice": "1,59€",
            "ItemUnit": "6,36€/kg",
            "local_image_path": "Lebensmittel/Internationales/ming_chu_mie_nudeln_ohne_ei_250g.jpg"
          },
          {
            "image_urls": [
              "https://www.edeka24.de/out/pictures/generated/product/1/224_224_90/fuegotacokit.jpg"
            ],
            "ItemTitle": "Fuego Taco Kit 325G  MHD 13.09.2023",
            "ItemSalePrice": "2,00€",
            "ItemUnit": "6,15€/kg",
            "local_image_path": "Lebensmittel/Internationales/fuegotacokit.jpg"
          },
          {
            "image_urls": [
              "https://www.edeka24.de/out/pictures/generated/product/1/224_224_90/ming_chu_teriyakiwamp252rzsauce_150ml.jpg"
            ],
            "ItemTitle": "Ming Chu Teriyaki-Würzsauce 150ML",
            "ItemPrice": "1,49€",
            "ItemUnit": "9,93€/l",
            "local_image_path": "Lebensmittel/Internationales/ming_chu_teriyakiwamp252rzsauce_150ml.jpg"
          },
          {
            "image_urls": [
              "https://www.edeka24.de/out/pictures/generated/product/1/224_224_90/flying_goose_chilisauce_sriracha_scharf_200ml.jpg"
            ],
            "ItemTitle": "Flying Goose Chilisauce Sriracha scharf 200ML",
            "ItemPrice": "3,79€",
            "ItemUnit": "18,95€/l",
            "local_image_path": "Lebensmittel/Internationales/flying_goose_chilisauce_sriracha_scharf_200ml.jpg"
          },
          {
            "image_urls": [
              "https://www.edeka24.de/out/pictures/generated/product/1/224_224_90/ming_chu_instantnudeln_huhn_60g.jpg"
            ],
            "ItemTitle": "Ming Chu Instantnudeln Huhn 60G",
            "ItemPrice": "0,79€",
            "ItemUnit": "13,17€/kg",
            "local_image_path": "Lebensmittel/Internationales/ming_chu_instantnudeln_huhn_60g.jpg"
          },
          {
            "image_urls": [
              "https://www.edeka24.de/out/pictures/generated/product/1/224_224_90/ming_chu_asia_gemamp252se_330g.jpg"
            ],
            "ItemTitle": "Ming Chu Asia-Gemüse 330G",
            "ItemPrice": "1,59€",
            "ItemUnit": "9,09€/kg",
            "local_image_path": "Lebensmittel/Internationales/ming_chu_asia_gemamp252se_330g.jpg"
          },
          {
            "image_urls": [
              "https://www.edeka24.de/out/pictures/generated/product/1/224_224_90/maggi_food_travel_curry_indian_style_65g.jpg"
            ],
            "ItemTitle": "Maggi Food Travel Curry Indian Style 65G",
            "ItemPrice": "1,19€",
            "ItemUnit": "18,31€/kg",
            "local_image_path": "Lebensmittel/Internationales/maggi_food_travel_curry_indian_style_65g.jpg"
          },
          {
            "image_urls": [
              "https://www.edeka24.de/out/pictures/generated/product/1/224_224_90/ming_chu_instantnudeln_gemamp252se_60g.jpg"
            ],
            "ItemTitle": "Ming Chu Instantnudeln Gemüse 60G",
            "ItemPrice": "0,79€",
            "ItemUnit": "13,17€/kg",
            "local_image_path": "Lebensmittel/Internationales/ming_chu_instantnudeln_gemamp252se_60g.jpg"
          },
          {
            "image_urls": [
              "https://www.edeka24.de/out/pictures/generated/product/1/224_224_90/fgsrirachamayo.jpg"
            ],
            "ItemTitle": "Flying Goose Sriracha Mayoo Sauce 200ML",
            "ItemPrice": "3,79€",
            "ItemUnit": "18,95€/l",
            "local_image_path": "Lebensmittel/Internationales/fgsrirachamayo.jpg"
          },
          {
            "image_urls": [
              "https://www.edeka24.de/out/pictures/generated/product/1/224_224_90/ming_chu_sesamamp246l_geramp246stet_und_kalt_gepresst_250ml.jpg"
            ],
            "ItemTitle": "Ming Chu Sesamöl 250ML",
            "ItemPrice": "3,29€",
            "ItemUnit": "13,16€/l",
            "local_image_path": "Lebensmittel/Internationales/ming_chu_sesamamp246l_geramp246stet_und_kalt_gepresst_250ml.jpg"
          },
          {
            "image_urls": [
              "https://www.edeka24.de/out/pictures/generated/product/1/224_224_90/edeka_bio_kokosnussmilch_400ml.jpg"
            ],
            "ItemTitle": "EDEKA Bio Kokosnussmilch 400ML",
            "ItemPrice": "2,19€",
            "ItemUnit": "5,48€/l",
            "local_image_path": "Bio-Produkte/Bio Marken/edeka_bio_kokosnussmilch_400ml.jpg"
          },
          {
            "image_urls": [
              "https://www.edeka24.de/out/pictures/generated/product/1/224_224_90/edeka_feine_mungobohnenkeime_330_g.jpg"
            ],
            "ItemTitle": "EDEKA Feine Mungobohnenkeime 330G",
            "ItemPrice": "1,39€",
            "ItemUnit": "7,94€/kg",
            "local_image_path": "Lebensmittel/Internationales/edeka_feine_mungobohnenkeime_330_g.jpg"
          },
          {
            "image_urls": [
              "https://www.edeka24.de/out/pictures/generated/product/1/224_224_90/udonchili.jpg"
            ],
            "ItemTitle": "Allgroo Udon Cup-Nudeln Chili 173G",
            "ItemPrice": "3,29€",
            "ItemUnit": "19,02€/kg",
            "local_image_path": "Lebensmittel/Internationales/udonchili.jpg"
          },
          {
            "image_urls": [
              "https://www.edeka24.de/out/pictures/generated/product/1/224_224_90/ostmann_curry_30_g.jpg"
            ],
            "ItemTitle": "Ostmann Curry 30G",
            "ItemPrice": "2,29€",
            "ItemUnit": "76,33€/kg",
            "local_image_path": "Lebensmittel/Internationales/ostmann_curry_30_g.jpg"
          },
          {
            "image_urls": [
              "https://www.edeka24.de/out/pictures/generated/product/1/224_224_90/diamond_glasnudeln_lang_100_mungobohnenstamp228rke_100g.jpg"
            ],
            "ItemTitle": "Diamond Glasnudeln lang 100G",
            "ItemPrice": "1,09€",
            "ItemUnit": "10,90€/kg",
            "local_image_path": "Lebensmittel/Internationales/diamond_glasnudeln_lang_100_mungobohnenstamp228rke_100g.jpg"
          },
          {
            "image_urls": [
              "https://www.edeka24.de/out/pictures/generated/product/1/224_224_90/4316734081014_miyakoseeal.sushinori10st25g.jpg"
            ],
            "ItemTitle": "Miyako Nori-Seealgen geröstet 10ST 25G  MHD 17.09.2023",
            "ItemSalePrice": "2,00€",
            "ItemUnit": "80,00€/kg",
            "local_image_path": "Lebensmittel/Internationales/4316734081014_miyakoseeal.sushinori10st25g.jpg"
          },
          {
            "image_urls": [
              "https://www.edeka24.de/out/pictures/generated/product/1/224_224_90/8801007499468.jpg"
            ],
            "ItemTitle": "Bibigo Seetang-Reis-Chips 20G",
            "ItemPrice": "2,69€",
            "ItemUnit": "134,50€/kg",
            "local_image_path": "Lebensmittel/Internationales/8801007499468.jpg"
          },
          {
            "image_urls": [
              "https://www.edeka24.de/out/pictures/generated/product/1/224_224_90/ming_chu_currypaste_gelb114g.jpg"
            ],
            "ItemTitle": "Ming Chu Gelbe Currypaste würzig 114G",
            "ItemPrice": "1,79€",
            "ItemUnit": "15,70€/kg",
            "local_image_path": "Lebensmittel/Internationales/ming_chu_currypaste_gelb114g.jpg"
          },
          {
            "image_urls": [
              "https://www.edeka24.de/out/pictures/generated/product/1/224_224_90/ming_chu_instantnudeln_rind_60g.jpg"
            ],
            "ItemTitle": "Ming Chu Instant-Nudeln Rind 60G",
            "ItemPrice": "0,79€",
            "ItemUnit": "13,17€/kg",
            "local_image_path": "Lebensmittel/Internationales/ming_chu_instantnudeln_rind_60g.jpg"
          },
          {
            "image_urls": [
              "https://www.edeka24.de/out/pictures/generated/product/1/224_224_90/maggi_indisches_hhnchen_curry_tikka_masala_36_g.jpg"
            ],
            "ItemTitle": "Maggi Food Travel Indisches Hähnchen Curry 36G",
            "ItemPrice": "1,19€",
            "ItemUnit": "33,06€/kg",
            "local_image_path": "Lebensmittel/Internationales/maggi_indisches_hhnchen_curry_tikka_masala_36_g.jpg"
          },
          {
            "image_urls": [
              "https://www.edeka24.de/out/pictures/generated/product/1/224_224_90/nong_shim_instantnudeln_shin_ramyun_120g.jpg"
            ],
            "ItemTitle": "Nong Shim Instantnudeln Shin Ramyun 120G",
            "ItemPrice": "2,19€",
            "ItemUnit": "18,25€/kg",
            "local_image_path": "Lebensmittel/Internationales/nong_shim_instantnudeln_shin_ramyun_120g.jpg"
          },
          {
            "image_urls": [
              "https://www.edeka24.de/out/pictures/generated/product/1/224_224_90/bgindcur.jpg"
            ],
            "ItemTitle": "Bio Gourmet Indisches Curry 250G",
            "ItemPrice": "3,99€",
            "ItemUnit": "15,96€/kg",
            "local_image_path": "Bio-Produkte/Bio Marken/bgindcur.jpg"
          },
          {
            "image_urls": [
              "https://www.edeka24.de/out/pictures/generated/product/1/224_224_90/bio_alnatura_kokosamp246l_nativ_220ml.jpg"
            ],
            "ItemTitle": "Alnatura Bio Kokosöl nativ 220ML",
            "ItemPrice": "3,29€",
            "ItemUnit": "14,95€/l",
            "local_image_path": "Lebensmittel/Internationales/bio_alnatura_kokosamp246l_nativ_220ml.jpg"
          },
          {
            "image_urls": [
              "https://www.edeka24.de/out/pictures/generated/product/1/224_224_90/aroyd_kokosnussmilch_17_fett_250ml.jpg"
            ],
            "ItemTitle": "AROY-D Kokosnussmilch 17% Fett 250ML",
            "ItemPrice": "1,99€",
            "ItemUnit": "7,96€/l",
            "local_image_path": "Lebensmittel/Internationales/aroyd_kokosnussmilch_17_fett_250ml.jpg"
          },
          {
            "image_urls": [
              "https://www.edeka24.de/out/pictures/generated/product/1/224_224_90/lee_kum_kee_sojasauce_hell_150ml.jpg"
            ],
            "ItemTitle": "Lee Kum Kee Sojasauce hell 150ML",
            "ItemPrice": "2,29€",
            "ItemUnit": "15,27€/l",
            "local_image_path": "Lebensmittel/Internationales/lee_kum_kee_sojasauce_hell_150ml.jpg"
          },
          {
            "image_urls": [
              "https://www.edeka24.de/out/pictures/generated/product/1/224_224_90/lee_kum_kee_sojasauce_dunkel_150ml.jpg"
            ],
            "ItemTitle": "Lee Kum Kee Sojasauce dunkel 150ML",
            "ItemPrice": "2,29€",
            "ItemUnit": "15,27€/l",
            "local_image_path": "Lebensmittel/Internationales/lee_kum_kee_sojasauce_dunkel_150ml.jpg"
          },
          {
            "image_urls": [
              "https://www.edeka24.de/out/pictures/generated/product/1/224_224_90/aroyd_kokosnussmilch.jpg"
            ],
            "ItemTitle": "Aroy-D Kokosnussmilch 500ML",
            "ItemPrice": "3,79€",
            "ItemUnit": "7,58€/l",
            "local_image_path": "Lebensmittel/Internationales/aroyd_kokosnussmilch.jpg"
          },
          {
            "image_urls": [
              "https://www.edeka24.de/out/pictures/generated/product/1/224_224_90/miyako_sushi_reis_rundkorn_500g.jpg"
            ],
            "ItemTitle": "Miyako Sushi Reis Rundkorn 500G",
            "ItemPrice": "2,69€",
            "ItemUnit": "5,38€/kg",
            "local_image_path": "Lebensmittel/Internationales/miyako_sushi_reis_rundkorn_500g.jpg"
          },
          {
            "image_urls": [
              "https://www.edeka24.de/out/pictures/generated/product/1/224_224_90/ming_chu_fischsauce_150ml.jpg"
            ],
            "ItemTitle": "Ming Chu Fischsauce 150ML",
            "ItemPrice": "2,19€",
            "ItemUnit": "14,60€/l",
            "local_image_path": "Lebensmittel/Internationales/ming_chu_fischsauce_150ml.jpg"
          },
          {
            "image_urls": [
              "https://www.edeka24.de/out/pictures/generated/product/1/224_224_90/ming_chu_currypaste_rot_114g.jpg"
            ],
            "ItemTitle": "Ming Chu Rote Currypaste scharf 114G",
            "ItemPrice": "1,79€",
            "ItemUnit": "15,70€/kg",
            "local_image_path": "Lebensmittel/Internationales/ming_chu_currypaste_rot_114g.jpg"
          },
          {
            "image_urls": [
              "https://www.edeka24.de/out/pictures/generated/product/1/224_224_90/ming_chu_glamp252ckskekse_60g.jpg"
            ],
            "ItemTitle": "Ming Chu Glückskekse 60G",
            "ItemPrice": "2,69€",
            "ItemUnit": "44,83€/kg",
            "local_image_path": "Lebensmittel/Internationales/ming_chu_glamp252ckskekse_60g.jpg"
          },
          {
            "image_urls": [
              "https://www.edeka24.de/out/pictures/generated/product/1/224_224_90/diamond-double-happiness-mienudeln-250g-6901017321048.jpg"
            ],
            "ItemTitle": "Diamond Mie Nudeln ohne Ei 250G",
            "ItemPrice": "1,89€",
            "ItemUnit": "7,56€/kg",
            "local_image_path": "Lebensmittel/Internationales/diamond-double-happiness-mienudeln-250g-6901017321048.jpg"
          },
          {
            "image_urls": [
              "https://www.edeka24.de/out/pictures/generated/product/1/224_224_90/alnatura_bio_rote_thai_currypaste_135g.jpg"
            ],
            "ItemTitle": "Alnatura Bio Rote Thai Curry-Paste 135G",
            "ItemPrice": "2,99€",
            "ItemUnit": "22,15€/kg",
            "local_image_path": "Lebensmittel/Internationales/alnatura_bio_rote_thai_currypaste_135g.jpg"
          },
          {
            "image_urls": [
              "https://www.edeka24.de/out/pictures/generated/product/1/224_224_90/ming_chu_reisessig_150ml.jpg"
            ],
            "ItemTitle": "Ming Chu Reisessig 150ML",
            "ItemPrice": "2,49€",
            "ItemUnit": "16,60€/l",
            "local_image_path": "Lebensmittel/Internationales/ming_chu_reisessig_150ml.jpg"
          },
          {
            "image_urls": [
              "https://www.edeka24.de/out/pictures/generated/product/1/224_224_90/ming_chu_woknudeln_250g.jpg"
            ],
            "ItemTitle": "Ming Chu Woknudeln 250G",
            "ItemPrice": "1,79€",
            "ItemUnit": "7,16€/kg",
            "local_image_path": "Lebensmittel/Internationales/ming_chu_woknudeln_250g.jpg"
          },
          {
            "image_urls": [
              "https://www.edeka24.de/out/pictures/generated/product/1/224_224_90/bio_alnatura_kokosmilch_200ml.jpg"
            ],
            "ItemTitle": "Alnatura Bio Kokosmilch 200ML",
            "ItemPrice": "1,59€",
            "ItemUnit": "7,95€/l",
            "local_image_path": "Lebensmittel/Internationales/bio_alnatura_kokosmilch_200ml.jpg"
          },
          {
            "image_urls": [
              "https://www.edeka24.de/out/pictures/generated/product/1/224_224_90/maggi_food_travel_curry_thai_style_65g.jpg"
            ],
            "ItemTitle": "Maggi Food Travel Curry Thai Style 65G",
            "ItemPrice": "1,19€",
            "ItemUnit": "18,31€/kg",
            "local_image_path": "Lebensmittel/Internationales/maggi_food_travel_curry_thai_style_65g.jpg"
          },
          {
            "image_urls": [
              "https://www.edeka24.de/out/pictures/generated/product/1/224_224_90/samlip_paniermehl_panko_200g.jpg"
            ],
            "ItemTitle": "Samlip Breadcrumbs Panko 200G",
            "ItemPrice": "3,19€",
            "ItemUnit": "15,95€/kg",
            "local_image_path": "Lebensmittel/Internationales/samlip_paniermehl_panko_200g.jpg"
          },
          {
            "image_urls": [
              "https://www.edeka24.de/out/pictures/generated/product/1/224_224_90/cock_ssse_chilisauce_fr_huhn_pikant_650ml.jpg"
            ],
            "ItemTitle": "Cock Süsse Chilisauce für Huhn Pikant 650ML",
            "ItemPrice": "4,49€",
            "ItemUnit": "6,91€/l",
            "local_image_path": "Lebensmittel/Internationales/cock_ssse_chilisauce_fr_huhn_pikant_650ml.jpg"
          },
          {
            "image_urls": [
              "https://www.edeka24.de/out/pictures/generated/product/1/224_224_90/flygchilissrirscharf_455ml.jpg"
            ],
            "ItemTitle": "Flying Goose Sriracha Scharfe Chili-Sauce 455ML",
            "ItemPrice": "5,29€",
            "ItemUnit": "11,63€/l",
            "local_image_path": "Lebensmittel/Internationales/flygchilissrirscharf_455ml.jpg"
          },
          {
            "image_urls": [
              "https://www.edeka24.de/out/pictures/generated/product/1/224_224_90/ming_chu_glasnudeln_100g.jpg"
            ],
            "ItemTitle": "Ming Chu Glasnudeln 100G",
            "ItemPrice": "1,29€",
            "ItemUnit": "12,90€/kg",
            "local_image_path": "Lebensmittel/Internationales/ming_chu_glasnudeln_100g.jpg"
          },
          {
            "image_urls": [
              "https://www.edeka24.de/out/pictures/generated/product/1/224_224_90/maggi_food_travel_sweet_chili_style_65g.jpg"
            ],
            "ItemTitle": "Maggi Food Travel Sweet Chili Style 65G",
            "ItemPrice": "1,19€",
            "ItemUnit": "18,31€/kg",
            "local_image_path": "Lebensmittel/Internationales/maggi_food_travel_sweet_chili_style_65g.jpg"
          },
          {
            "image_urls": [
              "https://www.edeka24.de/out/pictures/generated/product/1/224_224_90/exotic_food_reisnudeln_250g.jpg"
            ],
            "ItemTitle": "Exotic Food Reisnudeln 250G",
            "ItemPrice": "2,89€",
            "ItemUnit": "11,56€/kg",
            "local_image_path": "Lebensmittel/Internationales/exotic_food_reisnudeln_250g.jpg"
          },
          {
            "image_urls": [
              "https://www.edeka24.de/out/pictures/generated/product/1/224_224_90/exotic_food_chilisauce_samp252amp223_250ml.jpg"
            ],
            "ItemTitle": "Exotic Food Süße Chilisauce 250ML",
            "ItemPrice": "3,49€",
            "ItemUnit": "13,96€/l",
            "local_image_path": "Lebensmittel/Internationales/exotic_food_chilisauce_samp252amp223_250ml.jpg"
          },
          {
            "image_urls": [
              "https://www.edeka24.de/out/pictures/generated/product/1/224_224_90/4316734081014_miyakoseeal.sushinori10st25g.jpg"
            ],
            "ItemTitle": "Miyako Nori-Seealgen geröstet 10ST 25G",
            "ItemPrice": "3,59€",
            "ItemUnit": "143,60€/kg",
            "local_image_path": "Lebensmittel/Internationales/4316734081014_miyakoseeal.sushinori10st25g.jpg"
          },
          {
            "image_urls": [
              "https://www.edeka24.de/out/pictures/generated/product/1/224_224_90/edeka_kokosnussmilch_400_ml.jpg"
            ],
            "ItemTitle": "EDEKA Kokosnussmilch 400ML",
            "ItemPrice": "1,79€",
            "ItemUnit": "4,48€/l",
            "local_image_path": "Lebensmittel/Internationales/edeka_kokosnussmilch_400_ml.jpg"
          },
          {
            "image_urls": [
              "https://www.edeka24.de/out/pictures/generated/product/1/224_224_90/edekaasianutswasabi.jpg"
            ],
            "ItemTitle": "EDEKA Asia Nuts Wasabi Style 150G",
            "ItemPrice": "1,89€",
            "ItemUnit": "12,60€/kg",
            "local_image_path": "Lebensmittel/Internationales/edekaasianutswasabi.jpg"
          },
          {
            "image_urls": [
              "https://www.edeka24.de/out/pictures/generated/product/1/224_224_90/bio_edeka_kokosnusswasser_330ml.jpg"
            ],
            "ItemTitle": "EDEKA Bio Kokoswasser 330ML",
            "ItemPrice": "1,89€",
            "ItemUnit": "5,73€/l",
            "local_image_path": "Bio-Produkte/Bio Marken/bio_edeka_kokosnusswasser_330ml.jpg"
          },
          {
            "image_urls": [
              "https://www.edeka24.de/out/pictures/generated/product/1/224_224_90/ming_chu_sambal_oelek_200g.jpg"
            ],
            "ItemTitle": "Ming Chu Sambal Oelek 200G",
            "ItemPrice": "1,79€",
            "ItemUnit": "8,95€/kg",
            "local_image_path": "Lebensmittel/Internationales/ming_chu_sambal_oelek_200g.jpg"
          },
          {
            "image_urls": [
              "https://www.edeka24.de/out/pictures/generated/product/1/224_224_90/ming_chu_mie_nudeln_ohne_ei_250g.jpg"
            ],
            "ItemTitle": "Ming Chu Mie Nudeln ohne Ei 250G",
            "ItemPrice": "1,59€",
            "ItemUnit": "6,36€/kg",
            "local_image_path": "Lebensmittel/Internationales/ming_chu_mie_nudeln_ohne_ei_250g.jpg"
          },
          {
            "image_urls": [
              "https://www.edeka24.de/out/pictures/generated/product/1/224_224_90/fuegotacokit.jpg"
            ],
            "ItemTitle": "Fuego Taco Kit 325G  MHD 13.09.2023",
            "ItemSalePrice": "2,00€",
            "ItemUnit": "6,15€/kg",
            "local_image_path": "Lebensmittel/Internationales/fuegotacokit.jpg"
          },
          {
            "image_urls": [
              "https://www.edeka24.de/out/pictures/generated/product/1/224_224_90/ming_chu_teriyakiwamp252rzsauce_150ml.jpg"
            ],
            "ItemTitle": "Ming Chu Teriyaki-Würzsauce 150ML",
            "ItemPrice": "1,49€",
            "ItemUnit": "9,93€/l",
            "local_image_path": "Lebensmittel/Internationales/ming_chu_teriyakiwamp252rzsauce_150ml.jpg"
          },
          {
            "image_urls": [
              "https://www.edeka24.de/out/pictures/generated/product/1/224_224_90/flying_goose_chilisauce_sriracha_scharf_200ml.jpg"
            ],
            "ItemTitle": "Flying Goose Chilisauce Sriracha scharf 200ML",
            "ItemPrice": "3,79€",
            "ItemUnit": "18,95€/l",
            "local_image_path": "Lebensmittel/Internationales/flying_goose_chilisauce_sriracha_scharf_200ml.jpg"
          },
          {
            "image_urls": [
              "https://www.edeka24.de/out/pictures/generated/product/1/224_224_90/ming_chu_instantnudeln_huhn_60g.jpg"
            ],
            "ItemTitle": "Ming Chu Instantnudeln Huhn 60G",
            "ItemPrice": "0,79€",
            "ItemUnit": "13,17€/kg",
            "local_image_path": "Lebensmittel/Internationales/ming_chu_instantnudeln_huhn_60g.jpg"
          },
          {
            "image_urls": [
              "https://www.edeka24.de/out/pictures/generated/product/1/224_224_90/ming_chu_asia_gemamp252se_330g.jpg"
            ],
            "ItemTitle": "Ming Chu Asia-Gemüse 330G",
            "ItemPrice": "1,59€",
            "ItemUnit": "9,09€/kg",
            "local_image_path": "Lebensmittel/Internationales/ming_chu_asia_gemamp252se_330g.jpg"
          },
          {
            "image_urls": [
              "https://www.edeka24.de/out/pictures/generated/product/1/224_224_90/maggi_food_travel_curry_indian_style_65g.jpg"
            ],
            "ItemTitle": "Maggi Food Travel Curry Indian Style 65G",
            "ItemPrice": "1,19€",
            "ItemUnit": "18,31€/kg",
            "local_image_path": "Lebensmittel/Internationales/maggi_food_travel_curry_indian_style_65g.jpg"
          },
          {
            "image_urls": [
              "https://www.edeka24.de/out/pictures/generated/product/1/224_224_90/ming_chu_instantnudeln_gemamp252se_60g.jpg"
            ],
            "ItemTitle": "Ming Chu Instantnudeln Gemüse 60G",
            "ItemPrice": "0,79€",
            "ItemUnit": "13,17€/kg",
            "local_image_path": "Lebensmittel/Internationales/ming_chu_instantnudeln_gemamp252se_60g.jpg"
          },
          {
            "image_urls": [
              "https://www.edeka24.de/out/pictures/generated/product/1/224_224_90/fgsrirachamayo.jpg"
            ],
            "ItemTitle": "Flying Goose Sriracha Mayoo Sauce 200ML",
            "ItemPrice": "3,79€",
            "ItemUnit": "18,95€/l",
            "local_image_path": "Lebensmittel/Internationales/fgsrirachamayo.jpg"
          },
          {
            "image_urls": [
              "https://www.edeka24.de/out/pictures/generated/product/1/224_224_90/ming_chu_sesamamp246l_geramp246stet_und_kalt_gepresst_250ml.jpg"
            ],
            "ItemTitle": "Ming Chu Sesamöl 250ML",
            "ItemPrice": "3,29€",
            "ItemUnit": "13,16€/l",
            "local_image_path": "Lebensmittel/Internationales/ming_chu_sesamamp246l_geramp246stet_und_kalt_gepresst_250ml.jpg"
          },
          {
            "image_urls": [
              "https://www.edeka24.de/out/pictures/generated/product/1/224_224_90/edeka_bio_kokosnussmilch_400ml.jpg"
            ],
            "ItemTitle": "EDEKA Bio Kokosnussmilch 400ML",
            "ItemPrice": "2,19€",
            "ItemUnit": "5,48€/l",
            "local_image_path": "Bio-Produkte/Bio Marken/edeka_bio_kokosnussmilch_400ml.jpg"
          },
          {
            "image_urls": [
              "https://www.edeka24.de/out/pictures/generated/product/1/224_224_90/edeka_feine_mungobohnenkeime_330_g.jpg"
            ],
            "ItemTitle": "EDEKA Feine Mungobohnenkeime 330G",
            "ItemPrice": "1,39€",
            "ItemUnit": "7,94€/kg",
            "local_image_path": "Lebensmittel/Internationales/edeka_feine_mungobohnenkeime_330_g.jpg"
          },
          {
            "image_urls": [
              "https://www.edeka24.de/out/pictures/generated/product/1/224_224_90/udonchili.jpg"
            ],
            "ItemTitle": "Allgroo Udon Cup-Nudeln Chili 173G",
            "ItemPrice": "3,29€",
            "ItemUnit": "19,02€/kg",
            "local_image_path": "Lebensmittel/Internationales/udonchili.jpg"
          },
          {
            "image_urls": [
              "https://www.edeka24.de/out/pictures/generated/product/1/224_224_90/ostmann_curry_30_g.jpg"
            ],
            "ItemTitle": "Ostmann Curry 30G",
            "ItemPrice": "2,29€",
            "ItemUnit": "76,33€/kg",
            "local_image_path": "Lebensmittel/Internationales/ostmann_curry_30_g.jpg"
          },
          {
            "image_urls": [
              "https://www.edeka24.de/out/pictures/generated/product/1/224_224_90/diamond_glasnudeln_lang_100_mungobohnenstamp228rke_100g.jpg"
            ],
            "ItemTitle": "Diamond Glasnudeln lang 100G",
            "ItemPrice": "1,09€",
            "ItemUnit": "10,90€/kg",
            "local_image_path": "Lebensmittel/Internationales/diamond_glasnudeln_lang_100_mungobohnenstamp228rke_100g.jpg"
          },
          {
            "image_urls": [
              "https://www.edeka24.de/out/pictures/generated/product/1/224_224_90/4316734081014_miyakoseeal.sushinori10st25g.jpg"
            ],
            "ItemTitle": "Miyako Nori-Seealgen geröstet 10ST 25G  MHD 17.09.2023",
            "ItemSalePrice": "2,00€",
            "ItemUnit": "80,00€/kg",
            "local_image_path": "Lebensmittel/Internationales/4316734081014_miyakoseeal.sushinori10st25g.jpg"
          },
          {
            "image_urls": [
              "https://www.edeka24.de/out/pictures/generated/product/1/224_224_90/8801007499468.jpg"
            ],
            "ItemTitle": "Bibigo Seetang-Reis-Chips 20G",
            "ItemPrice": "2,69€",
            "ItemUnit": "134,50€/kg",
            "local_image_path": "Lebensmittel/Internationales/8801007499468.jpg"
          },
          {
            "image_urls": [
              "https://www.edeka24.de/out/pictures/generated/product/1/224_224_90/ming_chu_currypaste_gelb114g.jpg"
            ],
            "ItemTitle": "Ming Chu Gelbe Currypaste würzig 114G",
            "ItemPrice": "1,79€",
            "ItemUnit": "15,70€/kg",
            "local_image_path": "Lebensmittel/Internationales/ming_chu_currypaste_gelb114g.jpg"
          },
          {
            "image_urls": [
              "https://www.edeka24.de/out/pictures/generated/product/1/224_224_90/ming_chu_instantnudeln_rind_60g.jpg"
            ],
            "ItemTitle": "Ming Chu Instant-Nudeln Rind 60G",
            "ItemPrice": "0,79€",
            "ItemUnit": "13,17€/kg",
            "local_image_path": "Lebensmittel/Internationales/ming_chu_instantnudeln_rind_60g.jpg"
          },
          {
            "image_urls": [
              "https://www.edeka24.de/out/pictures/generated/product/1/224_224_90/maggi_indisches_hhnchen_curry_tikka_masala_36_g.jpg"
            ],
            "ItemTitle": "Maggi Food Travel Indisches Hähnchen Curry 36G",
            "ItemPrice": "1,19€",
            "ItemUnit": "33,06€/kg",
            "local_image_path": "Lebensmittel/Internationales/maggi_indisches_hhnchen_curry_tikka_masala_36_g.jpg"
          },
          {
            "image_urls": [
              "https://www.edeka24.de/out/pictures/generated/product/1/224_224_90/nong_shim_instantnudeln_shin_ramyun_120g.jpg"
            ],
            "ItemTitle": "Nong Shim Instantnudeln Shin Ramyun 120G",
            "ItemPrice": "2,19€",
            "ItemUnit": "18,25€/kg",
            "local_image_path": "Lebensmittel/Internationales/nong_shim_instantnudeln_shin_ramyun_120g.jpg"
          },
          {
            "image_urls": [
              "https://www.edeka24.de/out/pictures/generated/product/1/224_224_90/bgindcur.jpg"
            ],
            "ItemTitle": "Bio Gourmet Indisches Curry 250G",
            "ItemPrice": "3,99€",
            "ItemUnit": "15,96€/kg",
            "local_image_path": "Bio-Produkte/Bio Marken/bgindcur.jpg"
          },
          {
            "image_urls": [
              "https://www.edeka24.de/out/pictures/generated/product/1/224_224_90/bio_alnatura_kokosamp246l_nativ_220ml.jpg"
            ],
            "ItemTitle": "Alnatura Bio Kokosöl nativ 220ML",
            "ItemPrice": "3,29€",
            "ItemUnit": "14,95€/l",
            "local_image_path": "Lebensmittel/Internationales/bio_alnatura_kokosamp246l_nativ_220ml.jpg"
          },
          {
            "image_urls": [
              "https://www.edeka24.de/out/pictures/generated/product/1/224_224_90/aroyd_kokosnussmilch_17_fett_250ml.jpg"
            ],
            "ItemTitle": "AROY-D Kokosnussmilch 17% Fett 250ML",
            "ItemPrice": "1,99€",
            "ItemUnit": "7,96€/l",
            "local_image_path": "Lebensmittel/Internationales/aroyd_kokosnussmilch_17_fett_250ml.jpg"
          },
          {
            "image_urls": [
              "https://www.edeka24.de/out/pictures/generated/product/1/224_224_90/lee_kum_kee_sojasauce_hell_150ml.jpg"
            ],
            "ItemTitle": "Lee Kum Kee Sojasauce hell 150ML",
            "ItemPrice": "2,29€",
            "ItemUnit": "15,27€/l",
            "local_image_path": "Lebensmittel/Internationales/lee_kum_kee_sojasauce_hell_150ml.jpg"
          },
          {
            "image_urls": [
              "https://www.edeka24.de/out/pictures/generated/product/1/224_224_90/lee_kum_kee_sojasauce_dunkel_150ml.jpg"
            ],
            "ItemTitle": "Lee Kum Kee Sojasauce dunkel 150ML",
            "ItemPrice": "2,29€",
            "ItemUnit": "15,27€/l",
            "local_image_path": "Lebensmittel/Internationales/lee_kum_kee_sojasauce_dunkel_150ml.jpg"
          }
        ]
      }
    ]
  },
  {
    "CategoryTitle": "Bio-Produkte",
    "Subcategories": [
      {
        "subcategoryTitle": "Bio Marken",
        "productItems": [
          {
            "image_urls": [
              "https://www.edeka24.de/out/pictures/generated/product/1/224_224_90/bio_alnavit_buchweizenbrot_mit_sesam_250g.jpg"
            ],
            "ItemTitle": "Alnavit Bio Buchweizenbrot 250G",
            "ItemPrice": "3,49€",
            "ItemUnit": "13,96€/kg",
            "local_image_path": "Bio-Produkte/Bio Marken/bio_alnavit_buchweizenbrot_mit_sesam_250g.jpg"
          },
          {
            "image_urls": [
              "https://www.edeka24.de/out/pictures/generated/product/1/224_224_90/bio_alnavit_chia_quinoa_bramp246tchen_125g.jpg"
            ],
            "ItemTitle": "Alnavit Bio Chia Quinoa Brötchen 125G",
            "ItemPrice": "2,49€",
            "ItemUnit": "19,92€/kg",
            "local_image_path": "Bio-Produkte/Bio Marken/bio_alnavit_chia_quinoa_bramp246tchen_125g.jpg"
          },
          {
            "image_urls": [
              "https://www.edeka24.de/out/pictures/generated/product/1/224_224_90/bio_alnavit_gnocchi_mit_quinoa_250g.jpg"
            ],
            "ItemTitle": "Alnavit Bio Gnocchi mit Quinoa 250G",
            "ItemPrice": "2,79€",
            "ItemUnit": "11,16€/kg",
            "local_image_path": "Bio-Produkte/Bio Marken/bio_alnavit_gnocchi_mit_quinoa_250g.jpg"
          },
          {
            "image_urls": [
              "https://www.edeka24.de/out/pictures/generated/product/1/224_224_90/bio_alnavit_hafer_riegel_erdnuss_50g.jpg"
            ],
            "ItemTitle": "Alnavit Bio Hafer Riegel Erdnuss 50G",
            "ItemPrice": "1,59€",
            "ItemUnit": "31,80€/kg",
            "local_image_path": "Bio-Produkte/Bio Marken/bio_alnavit_hafer_riegel_erdnuss_50g.jpg"
          },
          {
            "image_urls": [
              "https://www.edeka24.de/out/pictures/generated/product/1/224_224_90/bio_alnavit_helle_bramp246tchen_125g.jpg"
            ],
            "ItemTitle": "Alnavit Bio Helle Brötchen 125G",
            "ItemPrice": "1,89€",
            "ItemUnit": "15,12€/kg",
            "local_image_path": "Bio-Produkte/Bio Marken/bio_alnavit_helle_bramp246tchen_125g.jpg"
          },
          {
            "image_urls": [
              "https://www.edeka24.de/out/pictures/generated/product/1/224_224_90/bio_alnavit_schoko_cookies_125g.jpg"
            ],
            "ItemTitle": "Alnavit Bio Schoko Cookies 125G",
            "ItemPrice": "2,69€",
            "ItemUnit": "21,52€/kg",
            "local_image_path": "Bio-Produkte/Bio Marken/bio_alnavit_schoko_cookies_125g.jpg"
          },
          {
            "image_urls": [
              "https://www.edeka24.de/out/pictures/generated/product/1/224_224_90/bio_alnavit_vollkorn_penne_250g.jpg"
            ],
            "ItemTitle": "Alnavit Bio Vollkorn Penne 250G",
            "ItemPrice": "2,29€",
            "ItemUnit": "9,16€/kg",
            "local_image_path": "Bio-Produkte/Bio Marken/bio_alnavit_vollkorn_penne_250g.jpg"
          },
          {
            "image_urls": [
              "https://www.edeka24.de/out/pictures/generated/product/1/224_224_90/montaltocataratto.jpg"
            ],
            "ItemTitle": "Barone Montalto Bio Catarratto 0,75L",
            "ItemPrice": "6,29€",
            "ItemUnit": "8,39€/l",
            "local_image_path": "Bio-Produkte/Bio Marken/montaltocataratto.jpg"
          },
          {
            "image_urls": [
              "https://www.edeka24.de/out/pictures/generated/product/1/224_224_90/montaltonerodavola.jpg"
            ],
            "ItemTitle": "Barone Montalto Bio Nero D'Avola 0,75L",
            "ItemPrice": "6,29€",
            "ItemUnit": "8,39€/l",
            "local_image_path": "Bio-Produkte/Bio Marken/montaltonerodavola.jpg"
          },
          {
            "image_urls": [
              "https://www.edeka24.de/out/pictures/generated/product/1/224_224_90/montaltonerodavolarosato.jpg"
            ],
            "ItemTitle": "Barone Montalto Bio Nero D'Avola Rosato 0,75L",
            "ItemPrice": "6,29€",
            "ItemUnit": "8,39€/l",
            "local_image_path": "Bio-Produkte/Bio Marken/montaltonerodavolarosato.jpg"
          },
          {
            "image_urls": [
              "https://www.edeka24.de/out/pictures/generated/product/1/224_224_90/bio_bauckhof_falafel_curry_kokos_glutenfrei_160g.jpg"
            ],
            "ItemTitle": "Bauckhof Bio Curry-Kokos Falafel 160G",
            "ItemPrice": "2,79€",
            "ItemUnit": "17,44€/kg",
            "local_image_path": "Bio-Produkte/Bio Marken/bio_bauckhof_falafel_curry_kokos_glutenfrei_160g.jpg"
          },
          {
            "image_urls": [
              "https://www.edeka24.de/out/pictures/generated/product/1/224_224_90/bauckhofbeerenmsli.jpg"
            ],
            "ItemTitle": "Bauckhof Bio glutenfreies Beerenmüsli Hafer 425G",
            "ItemPrice": "4,79€",
            "ItemUnit": "11,27€/kg",
            "local_image_path": "Bio-Produkte/Bio Marken/bauckhofbeerenmsli.jpg"
          },
          {
            "image_urls": [
              "https://www.edeka24.de/out/pictures/generated/product/1/224_224_90/bio_bauckhof_schnellbrot_backmischung_500g.jpg"
            ],
            "ItemTitle": "Bauckhof Bio glutenfreies Schnellbrot mit Brotgewürz Backmischung  500G",
            "ItemPrice": "4,79€",
            "ItemUnit": "9,58€/kg",
            "local_image_path": "Bio-Produkte/Bio Marken/bio_bauckhof_schnellbrot_backmischung_500g.jpg"
          },
          {
            "image_urls": [
              "https://www.edeka24.de/out/pictures/generated/product/1/224_224_90/bio_bauckhof_schwarzbrot_glutenfrei_500g.jpg"
            ],
            "ItemTitle": "Bauckhof Bio glutenfreies Schwarzbrot Backmischung 500G",
            "ItemPrice": "4,29€",
            "ItemUnit": "8,58€/kg",
            "local_image_path": "Bio-Produkte/Bio Marken/bio_bauckhof_schwarzbrot_glutenfrei_500g.jpg"
          },
          {
            "image_urls": [
              "https://www.edeka24.de/out/pictures/generated/product/1/224_224_90/bauckhofhothirse.jpg"
            ],
            "ItemTitle": "Bauckhof Bio Hirse-Buchweizenbrei Hot Hirse Morgengold ungesüßt glutenfrei 400G",
            "ItemPrice": "5,79€",
            "ItemUnit": "14,48€/kg",
            "local_image_path": "Bio-Produkte/Bio Marken/bauckhofhothirse.jpg"
          },
          {
            "image_urls": [
              "https://www.edeka24.de/out/pictures/generated/product/1/224_224_90/bauckhof_bio_wunderbrod_backmischung_600g.jpg"
            ],
            "ItemTitle": "Bauckhof Bio Wunderbrod Backmischung 600G",
            "ItemPrice": "4,79€",
            "ItemUnit": "7,98€/kg",
            "local_image_path": "Bio-Produkte/Bio Marken/bauckhof_bio_wunderbrod_backmischung_600g.jpg"
          },
          {
            "image_urls": [
              "https://www.edeka24.de/out/pictures/generated/product/1/224_224_90/bauckhof6-kornbrot.jpg"
            ],
            "ItemTitle": "Bauckhof Demeter Bio 6-Korn Brot Backmischung 500G",
            "ItemPrice": "3,29€",
            "ItemUnit": "6,58€/kg",
            "local_image_path": "Bio-Produkte/Bio Marken/bauckhof6-kornbrot.jpg"
          },
          {
            "image_urls": [
              "https://www.edeka24.de/out/pictures/generated/product/1/224_224_90/demeter_bauckhof_backmischung_bauernbrot_vollkorn_500g.jpg"
            ],
            "ItemTitle": "Bauckhof Demeter Bio Bauernbrot Vollkorn Backmischung 500G",
            "ItemPrice": "2,49€",
            "ItemUnit": "4,98€/kg",
            "local_image_path": "Bio-Produkte/Bio Marken/demeter_bauckhof_backmischung_bauernbrot_vollkorn_500g.jpg"
          },
          {
            "image_urls": [
              "https://www.edeka24.de/out/pictures/generated/product/1/224_224_90/bauckhofdinkelbrot.jpg"
            ],
            "ItemTitle": "Bauckhof Demeter Bio Dinkelbrot Backmichung Vollkorn 500G",
            "ItemPrice": "3,29€",
            "ItemUnit": "6,58€/kg",
            "local_image_path": "Bio-Produkte/Bio Marken/bauckhofdinkelbrot.jpg"
          },
          {
            "image_urls": [
              "https://www.edeka24.de/out/pictures/generated/product/1/224_224_90/bauckhofhothafer.jpg"
            ],
            "ItemTitle": "Bauckhof Demeter Bio Haferbrei Hot Hafer Basis ungesüßt glutenfrei 400G",
            "ItemPrice": "3,49€",
            "ItemUnit": "8,73€/kg",
            "local_image_path": "Bio-Produkte/Bio Marken/bauckhofhothafer.jpg"
          },
          {
            "image_urls": [
              "https://www.edeka24.de/out/pictures/generated/product/1/224_224_90/demeter_bauckhof_haferflocken_groamp223blatt_500g.jpg"
            ],
            "ItemTitle": "Bauckhof Demeter Bio Haferflocken Großblatt 500G",
            "ItemPrice": "2,69€",
            "ItemUnit": "5,38€/kg",
            "local_image_path": "Bio-Produkte/Bio Marken/demeter_bauckhof_haferflocken_groamp223blatt_500g.jpg"
          },
          {
            "image_urls": [
              "https://www.edeka24.de/out/pictures/generated/product/1/224_224_90/demeter_bauckhof_haferflocken_kleinblatt_500g.jpg"
            ],
            "ItemTitle": "Bauckhof Demeter Bio Haferflocken Kleinblatt 500G",
            "ItemPrice": "2,69€",
            "ItemUnit": "5,38€/kg",
            "local_image_path": "Bio-Produkte/Bio Marken/demeter_bauckhof_haferflocken_kleinblatt_500g.jpg"
          },
          {
            "image_urls": [
              "https://www.edeka24.de/out/pictures/generated/product/1/224_224_90/demeter_bauckhof_haferflocken_zartblatt_425g.jpg"
            ],
            "ItemTitle": "Bauckhof Demeter Bio Haferflocken Zartblatt 425G",
            "ItemPrice": "2,69€",
            "ItemUnit": "6,33€/kg",
            "local_image_path": "Bio-Produkte/Bio Marken/demeter_bauckhof_haferflocken_zartblatt_425g.jpg"
          },
          {
            "image_urls": [
              "https://www.edeka24.de/out/pictures/generated/product/1/224_224_90/bauckhoffrchtetraumhafer.jpg"
            ],
            "ItemTitle": "Bauckhof Demeter Bio Müzli Früchtetraum Hafer ungesüßt 425G",
            "ItemPrice": "4,49€",
            "ItemUnit": "10,56€/kg",
            "local_image_path": "Bio-Produkte/Bio Marken/bauckhoffrchtetraumhafer.jpg"
          },
          {
            "image_urls": [
              "https://www.edeka24.de/out/pictures/generated/product/1/224_224_90/bauckhofschokoknusperhafer.jpg"
            ],
            "ItemTitle": "Bauckhof Demeter Bio Müzli Schokoknusper Hafer 425G",
            "ItemPrice": "4,49€",
            "ItemUnit": "10,56€/kg",
            "local_image_path": "Bio-Produkte/Bio Marken/bauckhofschokoknusperhafer.jpg"
          },
          {
            "image_urls": [
              "https://www.edeka24.de/out/pictures/generated/product/1/224_224_90/echt_hllische_bio_bierschinken_200_g.jpg"
            ],
            "ItemTitle": "Bäuerliche Erzeugergemeinschaft Schwäbisch Hall Bio-Bierschinken 200G",
            "ItemPrice": "4,49€",
            "ItemUnit": "22,45€/kg",
            "local_image_path": "Bio-Produkte/Bio Marken/echt_hllische_bio_bierschinken_200_g.jpg"
          },
          {
            "image_urls": [
              "https://www.edeka24.de/out/pictures/generated/product/1/224_224_90/buerliche_erzeugergemeinschaft_schwbisch_hall_biobratwurst_200g.jpg"
            ],
            "ItemTitle": "Bäuerliche Erzeugergemeinschaft Schwäbisch Hall Bio-Bratwurst grob 200G",
            "ItemPrice": "4,49€",
            "ItemUnit": "22,45€/kg",
            "local_image_path": "Bio-Produkte/Bio Marken/buerliche_erzeugergemeinschaft_schwbisch_hall_biobratwurst_200g.jpg"
          },
          {
            "image_urls": [
              "https://www.edeka24.de/out/pictures/generated/product/1/224_224_90/echt_hllische_bio_gutsleberwurst_200_g(1).jpg"
            ],
            "ItemTitle": "Bäuerliche Erzeugergemeinschaft Schwäbisch Hall Bio-Gutsleberwurst 200G",
            "ItemPrice": "4,49€",
            "ItemUnit": "22,45€/kg",
            "local_image_path": "Bio-Produkte/Bio Marken/echt_hllische_bio_gutsleberwurst_200_g(1).jpg"
          },
          {
            "image_urls": [
              "https://www.edeka24.de/out/pictures/generated/product/1/224_224_90/beshbio-jagdwurst.jpg"
            ],
            "ItemTitle": "Bäuerliche Erzeugergemeinschaft Schwäbisch Hall Bio-Jagdwurst 200G",
            "ItemPrice": "4,49€",
            "ItemUnit": "22,45€/kg",
            "local_image_path": "Bio-Produkte/Bio Marken/beshbio-jagdwurst.jpg"
          },
          {
            "image_urls": [
              "https://www.edeka24.de/out/pictures/generated/product/1/224_224_90/echt_hllische_bio_leberwurst_200_g(1).jpg"
            ],
            "ItemTitle": "Bäuerliche Erzeugergemeinschaft Schwäbisch Hall Bio-Leberwurst 200G",
            "ItemPrice": "4,49€",
            "ItemUnit": "22,45€/kg",
            "local_image_path": "Bio-Produkte/Bio Marken/echt_hllische_bio_leberwurst_200_g(1).jpg"
          },
          {
            "image_urls": [
              "https://www.edeka24.de/out/pictures/generated/product/1/224_224_90/echt_hllische_bio_lyoner_200_g.jpg"
            ],
            "ItemTitle": "Bäuerliche Erzeugergemeinschaft Schwäbisch Hall Bio-Lyoner 200G",
            "ItemPrice": "4,49€",
            "ItemUnit": "22,45€/kg",
            "local_image_path": "Bio-Produkte/Bio Marken/echt_hllische_bio_lyoner_200_g.jpg"
          },
          {
            "image_urls": [
              "https://www.edeka24.de/out/pictures/generated/product/1/224_224_90/beshdemeterschinkenwurst.jpg"
            ],
            "ItemTitle": "Bäuerliche Erzeugergemeinschaft Schwäbisch Hall Bio-Schinkenwurst 200G",
            "ItemPrice": "5,29€",
            "ItemUnit": "26,45€/kg",
            "local_image_path": "Bio-Produkte/Bio Marken/beshdemeterschinkenwurst.jpg"
          },
          {
            "image_urls": [
              "https://www.edeka24.de/out/pictures/generated/product/1/224_224_90/echt_hllische_bio_schinkenwurst_200_g.jpg"
            ],
            "ItemTitle": "Bäuerliche Erzeugergemeinschaft Schwäbisch Hall Bio-Schinkenwurst 200G",
            "ItemPrice": "4,49€",
            "ItemUnit": "22,45€/kg",
            "local_image_path": "Bio-Produkte/Bio Marken/echt_hllische_bio_schinkenwurst_200_g.jpg"
          },
          {
            "image_urls": [
              "https://www.edeka24.de/out/pictures/generated/product/1/224_224_90/beshdemeterbierschinken.jpg"
            ],
            "ItemTitle": "Bäuerliche Erzeugergemeinschaft Schwäbisch Hall Demeter Bio-Bierschinken 200G",
            "ItemPrice": "5,29€",
            "ItemUnit": "26,45€/kg",
            "local_image_path": "Bio-Produkte/Bio Marken/beshdemeterbierschinken.jpg"
          },
          {
            "image_urls": [
              "https://www.edeka24.de/out/pictures/generated/product/1/224_224_90/demeter_bamp228uerliche_lyoner_200g.jpg"
            ],
            "ItemTitle": "Bäuerliche Erzeugergemeinschaft Schwäbisch Hall Demeter Bio-Lyoner 200G",
            "ItemPrice": "5,29€",
            "ItemUnit": "26,45€/kg",
            "local_image_path": "Bio-Produkte/Bio Marken/demeter_bamp228uerliche_lyoner_200g.jpg"
          },
          {
            "image_urls": [
              "https://www.edeka24.de/out/pictures/generated/product/1/224_224_90/beshdemeterbratwurstgrob.jpg"
            ],
            "ItemTitle": "Bäuerliche Erzeugergemeinschaft Schwäbisch Hall Demeter Bratwurst grob 200G",
            "ItemPrice": "5,29€",
            "ItemUnit": "26,45€/kg",
            "local_image_path": "Bio-Produkte/Bio Marken/beshdemeterbratwurstgrob.jpg"
          },
          {
            "image_urls": [
              "https://www.edeka24.de/out/pictures/generated/product/1/224_224_90/bio_blank_roast_mucho_gusto_crema_ganze_bohne_500g.jpg"
            ],
            "ItemTitle": "Bio Blank Roast Mucho Gusto Crema Bohnen 500G",
            "ItemPrice": "8,99€",
            "ItemUnit": "17,98€/kg",
            "local_image_path": "Bio-Produkte/Bio Marken/bio_blank_roast_mucho_gusto_crema_ganze_bohne_500g.jpg"
          },
          {
            "image_urls": [
              "https://www.edeka24.de/out/pictures/generated/product/1/224_224_90/bio_blank_roast_mucho_gusto_espresso_ganze_bohne_500g.jpg"
            ],
            "ItemTitle": "Bio Blank Roast Mucho Gusto Espresso Bohnen 500G",
            "ItemPrice": "8,99€",
            "ItemUnit": "17,98€/kg",
            "local_image_path": "Bio-Produkte/Bio Marken/bio_blank_roast_mucho_gusto_espresso_ganze_bohne_500g.jpg"
          },
          {
            "image_urls": [
              "https://www.edeka24.de/out/pictures/generated/product/1/224_224_90/bio_edeka_kamp252rbiskernbramp246tchen_320g.jpg"
            ],
            "ItemTitle": "Bio EDEKA Kürbiskernbrötchen 4x 80G",
            "ItemPrice": "1,89€",
            "ItemUnit": "5,91€/kg",
            "local_image_path": "Bio-Produkte/Bio Marken/bio_edeka_kamp252rbiskernbramp246tchen_320g.jpg"
          },
          {
            "image_urls": [
              "https://www.edeka24.de/out/pictures/generated/product/1/224_224_90/bgcouscous.jpg"
            ],
            "ItemTitle": "Bio Gourmet Couscous 500G",
            "ItemPrice": "2,99€",
            "ItemUnit": "5,98€/kg",
            "local_image_path": "Bio-Produkte/Bio Marken/bgcouscous.jpg"
          },
          {
            "image_urls": [
              "https://www.edeka24.de/out/pictures/generated/product/1/224_224_90/bggnocchi.jpg"
            ],
            "ItemTitle": "Bio Gourmet Gnocchi 250G",
            "ItemPrice": "3,49€",
            "ItemUnit": "13,96€/kg",
            "local_image_path": "Bio-Produkte/Bio Marken/bggnocchi.jpg"
          },
          {
            "image_urls": [
              "https://www.edeka24.de/out/pictures/generated/product/1/224_224_90/bgindcur.jpg"
            ],
            "ItemTitle": "Bio Gourmet Indisches Curry 250G",
            "ItemPrice": "3,99€",
            "ItemUnit": "15,96€/kg",
            "local_image_path": "Bio-Produkte/Bio Marken/bgindcur.jpg"
          },
          {
            "image_urls": [
              "https://www.edeka24.de/out/pictures/generated/product/1/224_224_90/biogourmetingwersaft.jpg"
            ],
            "ItemTitle": "Bio Gourmet Ingwersaft naturtrüb 200ML",
            "ItemPrice": "5,29€",
            "ItemUnit": "26,45€/l",
            "local_image_path": "Bio-Produkte/Bio Marken/biogourmetingwersaft.jpg"
          },
          {
            "image_urls": [
              "https://www.edeka24.de/out/pictures/generated/product/1/224_224_90/bgkichererbsen.jpg"
            ],
            "ItemTitle": "Bio Gourmet Kichererbsen 400G",
            "ItemPrice": "1,89€",
            "ItemUnit": "7,88€/kg",
            "local_image_path": "Bio-Produkte/Bio Marken/bgkichererbsen.jpg"
          },
          {
            "image_urls": [
              "https://www.edeka24.de/out/pictures/generated/product/1/224_224_90/bgbrlauchpesto.jpg"
            ],
            "ItemTitle": "Bio Gourmet Pesto Bärlauch 125G",
            "ItemPrice": "4,49€",
            "ItemUnit": "35,92€/kg",
            "local_image_path": "Bio-Produkte/Bio Marken/bgbrlauchpesto.jpg"
          },
          {
            "image_urls": [
              "https://www.edeka24.de/out/pictures/generated/product/1/224_224_90/biogourmetschttelbrot.jpg"
            ],
            "ItemTitle": "Bio Gourmet Südtiroler Schüttelbrot 175G",
            "ItemPrice": "4,59€",
            "ItemUnit": "26,23€/kg",
            "local_image_path": "Bio-Produkte/Bio Marken/biogourmetschttelbrot.jpg"
          },
          {
            "image_urls": [
              "https://www.edeka24.de/out/pictures/generated/product/1/224_224_90/biogourmettomatenpesto.jpg"
            ],
            "ItemTitle": "Bio Gourmet Tomaten Pesto 120G",
            "ItemPrice": "4,49€",
            "ItemUnit": "37,42€/kg",
            "local_image_path": "Bio-Produkte/Bio Marken/biogourmettomatenpesto.jpg"
          },
          {
            "image_urls": [
              "https://www.edeka24.de/out/pictures/generated/product/1/224_224_90/bio_valdo_prosecco_brut_doc_075l.jpg"
            ],
            "ItemTitle": "Bio Valdo Prosecco Brut DOC 0,75l",
            "ItemPrice": "11,99€",
            "ItemUnit": "15,99€/l",
            "local_image_path": "Bio-Produkte/Bio Marken/bio_valdo_prosecco_brut_doc_075l.jpg"
          },
          {
            "image_urls": [
              "https://www.edeka24.de/out/pictures/generated/product/1/224_224_90/bionella_bio_nussnougatcreme_vegan_fairtrade_400_g.jpg"
            ],
            "ItemTitle": "Bionella Bio Nuss-Nougat-Creme vegan Fairtrade 400G",
            "ItemPrice": "3,99€",
            "ItemUnit": "9,98€/kg",
            "local_image_path": "Bio-Produkte/Bio Marken/bionella_bio_nussnougatcreme_vegan_fairtrade_400_g.jpg"
          },
          {
            "image_urls": [
              "https://www.edeka24.de/out/pictures/generated/product/1/224_224_90/rhabizz-sekt-und-frucht.jpg"
            ],
            "ItemTitle": "Bionisys Der Rhabizz Bio Frizzante 0,75L",
            "ItemPrice": "7,29€",
            "ItemUnit": "9,72€/l",
            "local_image_path": "Bio-Produkte/Bio Marken/rhabizz-sekt-und-frucht.jpg"
          },
          {
            "image_urls": [
              "https://www.edeka24.de/out/pictures/generated/product/1/224_224_90/biovegan_eiersatz_20g.jpg"
            ],
            "ItemTitle": "Biovegan Ei-Ersatz 20G",
            "ItemPrice": "1,69€",
            "ItemUnit": "84,50€/kg",
            "local_image_path": "Bio-Produkte/Bio Marken/biovegan_eiersatz_20g.jpg"
          },
          {
            "image_urls": [
              "https://www.edeka24.de/out/pictures/generated/product/1/224_224_90/biovegan_mein_omelettersatz_43g.jpg"
            ],
            "ItemTitle": "Biovegan Mein Omelett-Ersatz 43G",
            "ItemSalePrice": "1,50€",
            "ItemUnit": "34,88€/kg",
            "local_image_path": "Bio-Produkte/Bio Marken/biovegan_mein_omelettersatz_43g.jpg"
          },
          {
            "image_urls": [
              "https://www.edeka24.de/out/pictures/generated/product/1/224_224_90/bio_bondgemuesemais_150g.jpg"
            ],
            "ItemTitle": "Bonduelle Bio Goldmais 150G",
            "ItemPrice": "1,89€",
            "ItemUnit": "13,50€/kg",
            "local_image_path": "Bio-Produkte/Bio Marken/bio_bondgemuesemais_150g.jpg"
          },
          {
            "image_urls": [
              "https://www.edeka24.de/out/pictures/generated/product/1/224_224_90/bondubiogomai.jpg"
            ],
            "ItemTitle": "Bonduelle Bio Goldmais 300G",
            "ItemPrice": "2,29€",
            "ItemUnit": "8,04€/kg",
            "local_image_path": "Bio-Produkte/Bio Marken/bondubiogomai.jpg"
          },
          {
            "image_urls": [
              "https://www.edeka24.de/out/pictures/generated/product/1/224_224_90/bondubiogrboh.jpg"
            ],
            "ItemTitle": "Bonduelle Bio Grüne Bohnen 400G",
            "ItemPrice": "2,49€",
            "ItemUnit": "11,32€/kg",
            "local_image_path": "Bio-Produkte/Bio Marken/bondubiogrboh.jpg"
          },
          {
            "image_urls": [
              "https://www.edeka24.de/out/pictures/generated/product/1/224_224_90/bondubiokidboh.jpg"
            ],
            "ItemTitle": "Bonduelle Bio Kidneybohnen 310G",
            "ItemPrice": "2,39€",
            "ItemUnit": "9,56€/kg",
            "local_image_path": "Bio-Produkte/Bio Marken/bondubiokidboh.jpg"
          },
          {
            "image_urls": [
              "https://www.edeka24.de/out/pictures/generated/product/1/224_224_90/brndle_vita_bio_hanfl_kaltgepresst_250_ml.jpg"
            ],
            "ItemTitle": "Brändle Vita Bio Hanföl kaltgepresst 250ML",
            "ItemPrice": "7,99€",
            "ItemUnit": "31,96€/l",
            "local_image_path": "Bio-Produkte/Bio Marken/brndle_vita_bio_hanfl_kaltgepresst_250_ml.jpg"
          },
          {
            "image_urls": [
              "https://www.edeka24.de/out/pictures/generated/product/1/224_224_90/bio_brinkers_nussnougatcreme_vegan_270g.jpg"
            ],
            "ItemTitle": "Brinkers Bio La Vida Nuss-Nougatcreme vegan 270G",
            "ItemPrice": "5,49€",
            "ItemUnit": "20,33€/kg",
            "local_image_path": "Bio-Produkte/Bio Marken/bio_brinkers_nussnougatcreme_vegan_270g.jpg"
          },
          {
            "image_urls": [
              "https://www.edeka24.de/out/pictures/generated/product/1/224_224_90/cfespressobiokapsel.jpg"
            ],
            "ItemTitle": "Café Royal Bio Espresso Fairtrade Kaffeekapseln 10ST 50G",
            "ItemPrice": "3,49€",
            "ItemUnit": "69,80€/kg",
            "local_image_path": "Bio-Produkte/Bio Marken/cfespressobiokapsel.jpg"
          },
          {
            "image_urls": [
              "https://www.edeka24.de/out/pictures/generated/product/1/224_224_90/bio_chatmorillon_bord075l.jpg"
            ],
            "ItemTitle": "Chateau Morillon Bio Bordeaux trocken 0,75L",
            "ItemPrice": "10,49€",
            "ItemUnit": "13,99€/l",
            "local_image_path": "Bio-Produkte/Bio Marken/bio_chatmorillon_bord075l.jpg"
          },
          {
            "image_urls": [
              "https://www.edeka24.de/out/pictures/generated/product/1/224_224_90/bio_passione_di_puglia_rosso_14_igt_075l.jpg"
            ],
            "ItemTitle": "Contessa Marina Bio Passione di Puglia Rosso 14 IGT 0,75L",
            "ItemPrice": "8,99€",
            "ItemUnit": "11,99€/l",
            "local_image_path": "Bio-Produkte/Bio Marken/bio_passione_di_puglia_rosso_14_igt_075l.jpg"
          },
          {
            "image_urls": [
              "https://www.edeka24.de/out/pictures/generated/product/1/224_224_90/bio_dallmayr_granverde_fto_ganze_bohnen_750g.jpg"
            ],
            "ItemTitle": "Dallmayr Bio Kaffee Gran Verde Café Crème Fairtrade ganze Bohnen 750G",
            "ItemPrice": "16,99€",
            "ItemUnit": "22,65€/kg",
            "local_image_path": "Bio-Produkte/Bio Marken/bio_dallmayr_granverde_fto_ganze_bohnen_750g.jpg"
          },
          {
            "image_urls": [
              "https://www.edeka24.de/out/pictures/generated/product/1/224_224_90/darbovencafeintencionecologiocremosopads.jpg"
            ],
            "ItemTitle": "Darboven Bio Cafe Intencion ecologico Cremoso Fairtrade 16ST 112G",
            "ItemPrice": "3,49€",
            "ItemUnit": "31,16€/kg",
            "local_image_path": "Bio-Produkte/Bio Marken/darbovencafeintencionecologiocremosopads.jpg"
          },
          {
            "image_urls": [
              "https://www.edeka24.de/out/pictures/generated/product/1/224_224_90/bio_cafe_intencion_fuerte_fair_trade_500g.jpg"
            ],
            "ItemTitle": "Darboven Bio Cafe Intencion Fuerte 500G",
            "ItemPrice": "9,49€",
            "ItemUnit": "18,98€/kg",
            "local_image_path": "Bio-Produkte/Bio Marken/bio_cafe_intencion_fuerte_fair_trade_500g.jpg"
          },
          {
            "image_urls": [
              "https://www.edeka24.de/out/pictures/generated/product/1/224_224_90/darboven_caf_intencin_ecolgico_caf_crema_bio_fairtrade1_kg.jpg"
            ],
            "ItemTitle": "Darboven Café Intención ecológico Café Crema Bio Fairtrade 1KG",
            "ItemPrice": "19,99€",
            "ItemUnit": "19,99€/kg",
            "local_image_path": "Bio-Produkte/Bio Marken/darboven_caf_intencin_ecolgico_caf_crema_bio_fairtrade1_kg.jpg"
          },
          {
            "image_urls": [
              "https://www.edeka24.de/out/pictures/generated/product/1/224_224_90/demeter_delizie_passierte_tomaten_pomodoro_grob_700g.jpg"
            ],
            "ItemTitle": "Demeter Bio Delizie In Cucina Passierte Tomaten 700G",
            "ItemPrice": "2,59€",
            "ItemUnit": "3,70€/kg",
            "local_image_path": "Bio-Produkte/Bio Marken/demeter_delizie_passierte_tomaten_pomodoro_grob_700g.jpg"
          },
          {
            "image_urls": [
              "https://www.edeka24.de/out/pictures/generated/product/1/224_224_90/demeter_delizie_passierte_tomaten_rustica_grob_510g.jpg"
            ],
            "ItemTitle": "Demeter Bio Delizie In Cucina Passierte Tomaten grob 510G",
            "ItemPrice": "2,69€",
            "ItemUnit": "5,27€/kg",
            "local_image_path": "Bio-Produkte/Bio Marken/demeter_delizie_passierte_tomaten_rustica_grob_510g.jpg"
          },
          {
            "image_urls": [
              "https://www.edeka24.de/out/pictures/generated/product/1/224_224_90/demeter_otto039s_auslese_apfelmark_350g.jpg"
            ],
            "ItemTitle": "Demeter Bio Otto's Auslese Apfelmark 350G",
            "ItemPrice": "1,99€",
            "ItemUnit": "5,69€/kg",
            "local_image_path": "Bio-Produkte/Bio Marken/demeter_otto039s_auslese_apfelmark_350g.jpg"
          },
          {
            "image_urls": [
              "https://www.edeka24.de/out/pictures/generated/product/1/224_224_90/dimaspira.jpg"
            ],
            "ItemTitle": "Dinkel Max Bio Spiralen 500G",
            "ItemPrice": "3,49€",
            "ItemUnit": "6,98€/kg",
            "local_image_path": "Bio-Produkte/Bio Marken/dimaspira.jpg"
          },
          {
            "image_urls": [
              "https://www.edeka24.de/out/pictures/generated/product/1/224_224_90/donathenerkndinsekt.jpg"
            ],
            "ItemTitle": "Donath Vogelfutter Energie Knödel Insekten Bio-Netz 600G",
            "ItemPrice": "3,99€",
            "ItemUnit": "6,65€/kg",
            "local_image_path": "Bio-Produkte/Bio Marken/donathenerkndinsekt.jpg"
          },
          {
            "image_urls": [
              "https://www.edeka24.de/out/pictures/generated/product/1/224_224_90/donathenerkndklass.jpg"
            ],
            "ItemTitle": "Donath Vogelfutter Energie Knödel Klassisch Bio-Netz 600G",
            "ItemPrice": "3,79€",
            "ItemUnit": "6,32€/kg",
            "local_image_path": "Bio-Produkte/Bio Marken/donathenerkndklass.jpg"
          },
          {
            "image_urls": [
              "https://www.edeka24.de/out/pictures/generated/product/1/224_224_90/doppio-passo-bio-italien.jpg"
            ],
            "ItemTitle": "Doppio Passo Bio Primitivo IGT 0,75L",
            "ItemPrice": "9,99€",
            "ItemUnit": "13,32€/l",
            "local_image_path": "Bio-Produkte/Bio Marken/doppio-passo-bio-italien.jpg"
          },
          {
            "image_urls": [
              "https://www.edeka24.de/out/pictures/generated/product/1/224_224_90/bio_edeka_aceto_balsamico_di_modena_gga_500ml.jpg"
            ],
            "ItemTitle": "EDEKA Bio Aceto Balsamico di Modena g.g.A. 500ML",
            "ItemPrice": "2,59€",
            "ItemUnit": "5,18€/l",
            "local_image_path": "Bio-Produkte/Bio Marken/bio_edeka_aceto_balsamico_di_modena_gga_500ml.jpg"
          },
          {
            "image_urls": [
              "https://www.edeka24.de/out/pictures/generated/product/1/224_224_90/bio_edeka_apfelbananehirse_ab_dem_6monat_190g.jpg"
            ],
            "ItemTitle": "EDEKA Bio Apfel-Banane-Hirse ab dem 6.Monat 190G",
            "ItemPrice": "1,19€",
            "ItemUnit": "6,26€/kg",
            "local_image_path": "Bio-Produkte/Bio Marken/bio_edeka_apfelbananehirse_ab_dem_6monat_190g.jpg"
          },
          {
            "image_urls": [
              "https://www.edeka24.de/out/pictures/generated/product/1/224_224_90/bio_eapfelessig_klar_5_750ml.jpg"
            ],
            "ItemTitle": "EDEKA Bio Apfelessig klar 750ML",
            "ItemPrice": "2,19€",
            "ItemUnit": "2,92€/l",
            "local_image_path": "Bio-Produkte/Bio Marken/bio_eapfelessig_klar_5_750ml.jpg"
          },
          {
            "image_urls": [
              "https://www.edeka24.de/out/pictures/generated/product/1/224_224_90/edeka_bio_apfel_saft_naturtrb_1_ltr.jpg"
            ],
            "ItemTitle": "Edeka Bio Apfelsaft naturtrüb 1L",
            "ItemPrice": "1,79€",
            "ItemUnit": "1,79€/l",
            "local_image_path": "Bio-Produkte/Bio Marken/edeka_bio_apfel_saft_naturtrb_1_ltr.jpg"
          },
          {
            "image_urls": [
              "https://www.edeka24.de/out/pictures/generated/product/1/224_224_90/bio_edeka_aprikosen_200g.jpg"
            ],
            "ItemTitle": "EDEKA Bio Aprikosen 200G",
            "ItemPrice": "3,59€",
            "ItemUnit": "17,95€/kg",
            "local_image_path": "Bio-Produkte/Bio Marken/bio_edeka_aprikosen_200g.jpg"
          },
          {
            "image_urls": [
              "https://www.edeka24.de/out/pictures/generated/product/1/224_224_90/edeka-bio-kaffee-gemahlen.jpg"
            ],
            "ItemTitle": "EDEKA Bio Auslese Kaffee gemahlen 500G",
            "ItemPrice": "5,49€",
            "ItemUnit": "10,98€/kg",
            "local_image_path": "Lebensmittel/Kaffee & Tee/edeka-bio-kaffee-gemahlen.jpg"
          },
          {
            "image_urls": [
              "https://www.edeka24.de/out/pictures/generated/product/1/224_224_90/bio_edeka_berglinsen_500g.jpg"
            ],
            "ItemTitle": "EDEKA Bio Berglinsen 500G",
            "ItemPrice": "1,75€",
            "ItemUnit": "3,50€/kg",
            "local_image_path": "Bio-Produkte/Bio Marken/bio_edeka_berglinsen_500g.jpg"
          },
          {
            "image_urls": [
              "https://www.edeka24.de/out/pictures/generated/product/1/224_224_90/bio_edeka_bircher_mamp252sli_ab_dem_8monat_190g.jpg"
            ],
            "ItemTitle": "EDEKA Bio Bircher Müsli ab dem 8.Monat 190G",
            "ItemPrice": "1,19€",
            "ItemUnit": "6,26€/kg",
            "local_image_path": "Bio-Produkte/Bio Marken/bio_edeka_bircher_mamp252sli_ab_dem_8monat_190g.jpg"
          },
          {
            "image_urls": [
              "https://www.edeka24.de/out/pictures/generated/product/1/224_224_90/bio_edeka_birne_erdbeere_in_apfel_ab_1jahr_100g.jpg"
            ],
            "ItemTitle": "EDEKA Bio Birne & Erdbeere in Apfel ab 1.Jahr 100G",
            "ItemPrice": "1,19€",
            "ItemUnit": "11,90€/kg",
            "local_image_path": "Bio-Produkte/Bio Marken/bio_edeka_birne_erdbeere_in_apfel_ab_1jahr_100g.jpg"
          },
          {
            "image_urls": [
              "https://www.edeka24.de/out/pictures/generated/product/1/224_224_90/bio_edeka_brotkorb_5_sorten_brot_in_portionen_500g.jpg"
            ],
            "ItemTitle": "EDEKA Bio Brotkorb 5 Sorten Brot in Portionen 500G",
            "ItemPrice": "2,69€",
            "ItemUnit": "5,38€/kg",
            "local_image_path": "Bio-Produkte/Bio Marken/bio_edeka_brotkorb_5_sorten_brot_in_portionen_500g.jpg"
          },
          {
            "image_urls": [
              "https://www.edeka24.de/out/pictures/generated/product/1/224_224_90/edeka_bio_caff_crema_ganze_bohnen_1_kg.jpg"
            ],
            "ItemTitle": "EDEKA Bio Caffè Crema ganze Bohnen 1KG",
            "ItemPrice": "12,99€",
            "ItemUnit": "12,99€/kg",
            "local_image_path": "Lebensmittel/Kaffee & Tee/edeka_bio_caff_crema_ganze_bohnen_1_kg.jpg"
          },
          {
            "image_urls": [
              "https://www.edeka24.de/out/pictures/generated/product/1/224_224_90/bio_ecaffe_gemfairtr2x250g.jpg"
            ],
            "ItemTitle": "EDEKA Bio Caffe gemahlen Fairtrade 2x 250G",
            "ItemPrice": "6,79€",
            "ItemUnit": "13,58€/kg",
            "local_image_path": "Lebensmittel/Kaffee & Tee/bio_ecaffe_gemfairtr2x250g.jpg"
          },
          {
            "image_urls": [
              "https://www.edeka24.de/out/pictures/generated/product/1/224_224_90/bio_edeka_cashewkerne_geramp246stetampampgesalzen_125g.jpg"
            ],
            "ItemTitle": "Edeka Bio Cashewkerne geröstet & gesalzen 125G",
            "ItemPrice": "2,99€",
            "ItemUnit": "23,92€/kg",
            "local_image_path": "Bio-Produkte/Bio Marken/bio_edeka_cashewkerne_geramp246stetampampgesalzen_125g.jpg"
          },
          {
            "image_urls": [
              "https://www.edeka24.de/out/pictures/generated/product/1/224_224_90/bio_edeka_cranberries_175g.jpg"
            ],
            "ItemTitle": "EDEKA Bio Cranberries 175G",
            "ItemPrice": "3,99€",
            "ItemUnit": "22,80€/kg",
            "local_image_path": "Bio-Produkte/Bio Marken/bio_edeka_cranberries_175g.jpg"
          },
          {
            "image_urls": [
              "https://www.edeka24.de/out/pictures/generated/product/1/224_224_90/edeka_bio_dinkelbrot_geschnitten.jpg"
            ],
            "ItemTitle": "EDEKA Bio Dinkelbrot geschnitten 500G",
            "ItemPrice": "2,19€",
            "ItemUnit": "4,38€/kg",
            "local_image_path": "Bio-Produkte/Bio Marken/edeka_bio_dinkelbrot_geschnitten.jpg"
          },
          {
            "image_urls": [
              "https://www.edeka24.de/out/pictures/generated/product/1/224_224_90/bio_edeka_erdbeere_in_apfel_mit_joghurt_190g.jpg"
            ],
            "ItemTitle": "EDEKA Bio Erdbeere in Apfel mit Joghurt 190G",
            "ItemPrice": "1,19€",
            "ItemUnit": "6,26€/kg",
            "local_image_path": "Bio-Produkte/Bio Marken/bio_edeka_erdbeere_in_apfel_mit_joghurt_190g.jpg"
          },
          {
            "image_urls": [
              "https://www.edeka24.de/out/pictures/generated/product/1/224_224_90/bio_edeka_erdnusskerne_geramp246stetampampgesalzen_150g.jpg"
            ],
            "ItemTitle": "Edeka Bio Erdnusskerne geröstet & gesalzen 150G",
            "ItemPrice": "1,59€",
            "ItemUnit": "10,60€/kg",
            "local_image_path": "Bio-Produkte/Bio Marken/bio_edeka_erdnusskerne_geramp246stetampampgesalzen_150g.jpg"
          },
          {
            "image_urls": [
              "https://www.edeka24.de/out/pictures/generated/product/1/224_224_90/edeka_bio_espresso_gemahlen(1).jpg"
            ],
            "ItemTitle": "EDEKA Bio Espresso gemahlen 250G",
            "ItemPrice": "4,29€",
            "ItemUnit": "17,16€/kg",
            "local_image_path": "Bio-Produkte/Bio Marken/edeka_bio_espresso_gemahlen(1).jpg"
          },
          {
            "image_urls": [
              "https://www.edeka24.de/out/pictures/generated/product/1/224_224_90/bio_passione_di_puglia_rosso_14_igt_075l.jpg"
            ],
            "ItemTitle": "Contessa Marina Bio Passione di Puglia Rosso 14 IGT 0,75L",
            "ItemPrice": "8,99€",
            "ItemUnit": "11,99€/l",
            "local_image_path": "Bio-Produkte/Bio Marken/bio_passione_di_puglia_rosso_14_igt_075l.jpg"
          },
          {
            "image_urls": [
              "https://www.edeka24.de/out/pictures/generated/product/1/224_224_90/bio_dallmayr_granverde_fto_ganze_bohnen_750g.jpg"
            ],
            "ItemTitle": "Dallmayr Bio Kaffee Gran Verde Café Crème Fairtrade ganze Bohnen 750G",
            "ItemPrice": "16,99€",
            "ItemUnit": "22,65€/kg",
            "local_image_path": "Bio-Produkte/Bio Marken/bio_dallmayr_granverde_fto_ganze_bohnen_750g.jpg"
          },
          {
            "image_urls": [
              "https://www.edeka24.de/out/pictures/generated/product/1/224_224_90/darbovencafeintencionecologiocremosopads.jpg"
            ],
            "ItemTitle": "Darboven Bio Cafe Intencion ecologico Cremoso Fairtrade 16ST 112G",
            "ItemPrice": "3,49€",
            "ItemUnit": "31,16€/kg",
            "local_image_path": "Bio-Produkte/Bio Marken/darbovencafeintencionecologiocremosopads.jpg"
          },
          {
            "image_urls": [
              "https://www.edeka24.de/out/pictures/generated/product/1/224_224_90/bio_cafe_intencion_fuerte_fair_trade_500g.jpg"
            ],
            "ItemTitle": "Darboven Bio Cafe Intencion Fuerte 500G",
            "ItemPrice": "9,49€",
            "ItemUnit": "18,98€/kg",
            "local_image_path": "Bio-Produkte/Bio Marken/bio_cafe_intencion_fuerte_fair_trade_500g.jpg"
          },
          {
            "image_urls": [
              "https://www.edeka24.de/out/pictures/generated/product/1/224_224_90/darboven_caf_intencin_ecolgico_caf_crema_bio_fairtrade1_kg.jpg"
            ],
            "ItemTitle": "Darboven Café Intención ecológico Café Crema Bio Fairtrade 1KG",
            "ItemPrice": "19,99€",
            "ItemUnit": "19,99€/kg",
            "local_image_path": "Bio-Produkte/Bio Marken/darboven_caf_intencin_ecolgico_caf_crema_bio_fairtrade1_kg.jpg"
          },
          {
            "image_urls": [
              "https://www.edeka24.de/out/pictures/generated/product/1/224_224_90/demeter_delizie_passierte_tomaten_pomodoro_grob_700g.jpg"
            ],
            "ItemTitle": "Demeter Bio Delizie In Cucina Passierte Tomaten 700G",
            "ItemPrice": "2,59€",
            "ItemUnit": "3,70€/kg",
            "local_image_path": "Bio-Produkte/Bio Marken/demeter_delizie_passierte_tomaten_pomodoro_grob_700g.jpg"
          },
          {
            "image_urls": [
              "https://www.edeka24.de/out/pictures/generated/product/1/224_224_90/demeter_delizie_passierte_tomaten_rustica_grob_510g.jpg"
            ],
            "ItemTitle": "Demeter Bio Delizie In Cucina Passierte Tomaten grob 510G",
            "ItemPrice": "2,69€",
            "ItemUnit": "5,27€/kg",
            "local_image_path": "Bio-Produkte/Bio Marken/demeter_delizie_passierte_tomaten_rustica_grob_510g.jpg"
          },
          {
            "image_urls": [
              "https://www.edeka24.de/out/pictures/generated/product/1/224_224_90/demeter_otto039s_auslese_apfelmark_350g.jpg"
            ],
            "ItemTitle": "Demeter Bio Otto's Auslese Apfelmark 350G",
            "ItemPrice": "1,99€",
            "ItemUnit": "5,69€/kg",
            "local_image_path": "Bio-Produkte/Bio Marken/demeter_otto039s_auslese_apfelmark_350g.jpg"
          },
          {
            "image_urls": [
              "https://www.edeka24.de/out/pictures/generated/product/1/224_224_90/dimaspira.jpg"
            ],
            "ItemTitle": "Dinkel Max Bio Spiralen 500G",
            "ItemPrice": "3,49€",
            "ItemUnit": "6,98€/kg",
            "local_image_path": "Bio-Produkte/Bio Marken/dimaspira.jpg"
          },
          {
            "image_urls": [
              "https://www.edeka24.de/out/pictures/generated/product/1/224_224_90/donathenerkndinsekt.jpg"
            ],
            "ItemTitle": "Donath Vogelfutter Energie Knödel Insekten Bio-Netz 600G",
            "ItemPrice": "3,99€",
            "ItemUnit": "6,65€/kg",
            "local_image_path": "Bio-Produkte/Bio Marken/donathenerkndinsekt.jpg"
          },
          {
            "image_urls": [
              "https://www.edeka24.de/out/pictures/generated/product/1/224_224_90/donathenerkndklass.jpg"
            ],
            "ItemTitle": "Donath Vogelfutter Energie Knödel Klassisch Bio-Netz 600G",
            "ItemPrice": "3,79€",
            "ItemUnit": "6,32€/kg",
            "local_image_path": "Bio-Produkte/Bio Marken/donathenerkndklass.jpg"
          },
          {
            "image_urls": [
              "https://www.edeka24.de/out/pictures/generated/product/1/224_224_90/doppio-passo-bio-italien.jpg"
            ],
            "ItemTitle": "Doppio Passo Bio Primitivo IGT 0,75L",
            "ItemPrice": "9,99€",
            "ItemUnit": "13,32€/l",
            "local_image_path": "Bio-Produkte/Bio Marken/doppio-passo-bio-italien.jpg"
          },
          {
            "image_urls": [
              "https://www.edeka24.de/out/pictures/generated/product/1/224_224_90/bio_edeka_aceto_balsamico_di_modena_gga_500ml.jpg"
            ],
            "ItemTitle": "EDEKA Bio Aceto Balsamico di Modena g.g.A. 500ML",
            "ItemPrice": "2,59€",
            "ItemUnit": "5,18€/l",
            "local_image_path": "Bio-Produkte/Bio Marken/bio_edeka_aceto_balsamico_di_modena_gga_500ml.jpg"
          },
          {
            "image_urls": [
              "https://www.edeka24.de/out/pictures/generated/product/1/224_224_90/bio_edeka_apfelbananehirse_ab_dem_6monat_190g.jpg"
            ],
            "ItemTitle": "EDEKA Bio Apfel-Banane-Hirse ab dem 6.Monat 190G",
            "ItemPrice": "1,19€",
            "ItemUnit": "6,26€/kg",
            "local_image_path": "Bio-Produkte/Bio Marken/bio_edeka_apfelbananehirse_ab_dem_6monat_190g.jpg"
          },
          {
            "image_urls": [
              "https://www.edeka24.de/out/pictures/generated/product/1/224_224_90/bio_eapfelessig_klar_5_750ml.jpg"
            ],
            "ItemTitle": "EDEKA Bio Apfelessig klar 750ML",
            "ItemPrice": "2,19€",
            "ItemUnit": "2,92€/l",
            "local_image_path": "Bio-Produkte/Bio Marken/bio_eapfelessig_klar_5_750ml.jpg"
          },
          {
            "image_urls": [
              "https://www.edeka24.de/out/pictures/generated/product/1/224_224_90/edeka_bio_apfel_saft_naturtrb_1_ltr.jpg"
            ],
            "ItemTitle": "Edeka Bio Apfelsaft naturtrüb 1L",
            "ItemPrice": "1,79€",
            "ItemUnit": "1,79€/l",
            "local_image_path": "Bio-Produkte/Bio Marken/edeka_bio_apfel_saft_naturtrb_1_ltr.jpg"
          },
          {
            "image_urls": [
              "https://www.edeka24.de/out/pictures/generated/product/1/224_224_90/bio_edeka_aprikosen_200g.jpg"
            ],
            "ItemTitle": "EDEKA Bio Aprikosen 200G",
            "ItemPrice": "3,59€",
            "ItemUnit": "17,95€/kg",
            "local_image_path": "Bio-Produkte/Bio Marken/bio_edeka_aprikosen_200g.jpg"
          },
          {
            "image_urls": [
              "https://www.edeka24.de/out/pictures/generated/product/1/224_224_90/edeka-bio-kaffee-gemahlen.jpg"
            ],
            "ItemTitle": "EDEKA Bio Auslese Kaffee gemahlen 500G",
            "ItemPrice": "5,49€",
            "ItemUnit": "10,98€/kg",
            "local_image_path": "Lebensmittel/Kaffee & Tee/edeka-bio-kaffee-gemahlen.jpg"
          },
          {
            "image_urls": [
              "https://www.edeka24.de/out/pictures/generated/product/1/224_224_90/bio_edeka_berglinsen_500g.jpg"
            ],
            "ItemTitle": "EDEKA Bio Berglinsen 500G",
            "ItemPrice": "1,75€",
            "ItemUnit": "3,50€/kg",
            "local_image_path": "Bio-Produkte/Bio Marken/bio_edeka_berglinsen_500g.jpg"
          },
          {
            "image_urls": [
              "https://www.edeka24.de/out/pictures/generated/product/1/224_224_90/bio_edeka_bircher_mamp252sli_ab_dem_8monat_190g.jpg"
            ],
            "ItemTitle": "EDEKA Bio Bircher Müsli ab dem 8.Monat 190G",
            "ItemPrice": "1,19€",
            "ItemUnit": "6,26€/kg",
            "local_image_path": "Bio-Produkte/Bio Marken/bio_edeka_bircher_mamp252sli_ab_dem_8monat_190g.jpg"
          },
          {
            "image_urls": [
              "https://www.edeka24.de/out/pictures/generated/product/1/224_224_90/bio_edeka_birne_erdbeere_in_apfel_ab_1jahr_100g.jpg"
            ],
            "ItemTitle": "EDEKA Bio Birne & Erdbeere in Apfel ab 1.Jahr 100G",
            "ItemPrice": "1,19€",
            "ItemUnit": "11,90€/kg",
            "local_image_path": "Bio-Produkte/Bio Marken/bio_edeka_birne_erdbeere_in_apfel_ab_1jahr_100g.jpg"
          },
          {
            "image_urls": [
              "https://www.edeka24.de/out/pictures/generated/product/1/224_224_90/bio_edeka_brotkorb_5_sorten_brot_in_portionen_500g.jpg"
            ],
            "ItemTitle": "EDEKA Bio Brotkorb 5 Sorten Brot in Portionen 500G",
            "ItemPrice": "2,69€",
            "ItemUnit": "5,38€/kg",
            "local_image_path": "Bio-Produkte/Bio Marken/bio_edeka_brotkorb_5_sorten_brot_in_portionen_500g.jpg"
          },
          {
            "image_urls": [
              "https://www.edeka24.de/out/pictures/generated/product/1/224_224_90/edeka_bio_caff_crema_ganze_bohnen_1_kg.jpg"
            ],
            "ItemTitle": "EDEKA Bio Caffè Crema ganze Bohnen 1KG",
            "ItemPrice": "12,99€",
            "ItemUnit": "12,99€/kg",
            "local_image_path": "Lebensmittel/Kaffee & Tee/edeka_bio_caff_crema_ganze_bohnen_1_kg.jpg"
          },
          {
            "image_urls": [
              "https://www.edeka24.de/out/pictures/generated/product/1/224_224_90/bio_ecaffe_gemfairtr2x250g.jpg"
            ],
            "ItemTitle": "EDEKA Bio Caffe gemahlen Fairtrade 2x 250G",
            "ItemPrice": "6,79€",
            "ItemUnit": "13,58€/kg",
            "local_image_path": "Lebensmittel/Kaffee & Tee/bio_ecaffe_gemfairtr2x250g.jpg"
          },
          {
            "image_urls": [
              "https://www.edeka24.de/out/pictures/generated/product/1/224_224_90/bio_edeka_cashewkerne_geramp246stetampampgesalzen_125g.jpg"
            ],
            "ItemTitle": "Edeka Bio Cashewkerne geröstet & gesalzen 125G",
            "ItemPrice": "2,99€",
            "ItemUnit": "23,92€/kg",
            "local_image_path": "Bio-Produkte/Bio Marken/bio_edeka_cashewkerne_geramp246stetampampgesalzen_125g.jpg"
          },
          {
            "image_urls": [
              "https://www.edeka24.de/out/pictures/generated/product/1/224_224_90/bio_edeka_cranberries_175g.jpg"
            ],
            "ItemTitle": "EDEKA Bio Cranberries 175G",
            "ItemPrice": "3,99€",
            "ItemUnit": "22,80€/kg",
            "local_image_path": "Bio-Produkte/Bio Marken/bio_edeka_cranberries_175g.jpg"
          },
          {
            "image_urls": [
              "https://www.edeka24.de/out/pictures/generated/product/1/224_224_90/edeka_bio_dinkelbrot_geschnitten.jpg"
            ],
            "ItemTitle": "EDEKA Bio Dinkelbrot geschnitten 500G",
            "ItemPrice": "2,19€",
            "ItemUnit": "4,38€/kg",
            "local_image_path": "Bio-Produkte/Bio Marken/edeka_bio_dinkelbrot_geschnitten.jpg"
          },
          {
            "image_urls": [
              "https://www.edeka24.de/out/pictures/generated/product/1/224_224_90/bio_edeka_erdbeere_in_apfel_mit_joghurt_190g.jpg"
            ],
            "ItemTitle": "EDEKA Bio Erdbeere in Apfel mit Joghurt 190G",
            "ItemPrice": "1,19€",
            "ItemUnit": "6,26€/kg",
            "local_image_path": "Bio-Produkte/Bio Marken/bio_edeka_erdbeere_in_apfel_mit_joghurt_190g.jpg"
          },
          {
            "image_urls": [
              "https://www.edeka24.de/out/pictures/generated/product/1/224_224_90/bio_edeka_erdnusskerne_geramp246stetampampgesalzen_150g.jpg"
            ],
            "ItemTitle": "Edeka Bio Erdnusskerne geröstet & gesalzen 150G",
            "ItemPrice": "1,59€",
            "ItemUnit": "10,60€/kg",
            "local_image_path": "Bio-Produkte/Bio Marken/bio_edeka_erdnusskerne_geramp246stetampampgesalzen_150g.jpg"
          },
          {
            "image_urls": [
              "https://www.edeka24.de/out/pictures/generated/product/1/224_224_90/edeka_bio_espresso_gemahlen(1).jpg"
            ],
            "ItemTitle": "EDEKA Bio Espresso gemahlen 250G",
            "ItemPrice": "4,29€",
            "ItemUnit": "17,16€/kg",
            "local_image_path": "Bio-Produkte/Bio Marken/edeka_bio_espresso_gemahlen(1).jpg"
          },
          {
            "image_urls": [
              "https://www.edeka24.de/out/pictures/generated/product/1/224_224_90/bio_edeka_leinamp246l_250ml.jpg"
            ],
            "ItemTitle": "EDEKA Bio Natives Leinöl 250ML",
            "ItemPrice": "1,59€",
            "ItemUnit": "6,36€/l",
            "local_image_path": "Bio-Produkte/Bio Marken/bio_edeka_leinamp246l_250ml.jpg"
          },
          {
            "image_urls": [
              "https://www.edeka24.de/out/pictures/generated/product/1/224_224_90/bio_eolivenoel_500ml.jpg"
            ],
            "ItemTitle": "EDEKA Bio Natives Olivenöl Extra aus Griechenland 500ML",
            "ItemPrice": "6,99€",
            "ItemUnit": "13,98€/l",
            "local_image_path": "Bio-Produkte/Bio Marken/bio_eolivenoel_500ml.jpg"
          },
          {
            "image_urls": [
              "https://www.edeka24.de/out/pictures/generated/product/1/224_224_90/edeka_bio_natives_sonnenblumenl.jpg"
            ],
            "ItemTitle": "EDEKA Bio Natives Sonnenblumenöl 500ML",
            "ItemPrice": "1,59€",
            "ItemUnit": "3,18€/l",
            "local_image_path": "Bio-Produkte/Bio Marken/edeka_bio_natives_sonnenblumenl.jpg"
          },
          {
            "image_urls": [
              "https://www.edeka24.de/out/pictures/generated/product/1/224_224_90/bio_edeka_griechische_oliven_gefamp252llt_mit_knoblauch_350g.jpg"
            ],
            "ItemTitle": "EDEKA Bio Oliven gefüllt mit Knoblauch 350G",
            "ItemPrice": "2,79€",
            "ItemUnit": "13,95€/kg",
            "local_image_path": "Bio-Produkte/Bio Marken/bio_edeka_griechische_oliven_gefamp252llt_mit_knoblauch_350g.jpg"
          },
          {
            "image_urls": [
              "https://www.edeka24.de/out/pictures/generated/product/1/224_224_90/bio_edeka_griechische_oliven_gefamp252llt_mit_mandeln_350g.jpg"
            ],
            "ItemTitle": "EDEKA Bio Oliven gefüllt mit Mandeln 350G",
            "ItemPrice": "2,79€",
            "ItemUnit": "13,95€/kg",
            "local_image_path": "Lebensmittel/Konserven/bio_edeka_griechische_oliven_gefamp252llt_mit_mandeln_350g.jpg"
          },
          {
            "image_urls": [
              "https://www.edeka24.de/out/pictures/generated/product/1/224_224_90/bio_edeka_baby_mini_reiswaffeln_apfel_ab_8monat_35g.jpg"
            ],
            "ItemTitle": "EDEKA Bio Reiswaffeln Apfel ab 8.Monat 35G",
            "ItemPrice": "1,19€",
            "ItemUnit": "34,00€/kg",
            "local_image_path": "Bio-Produkte/Bio Marken/bio_edeka_baby_mini_reiswaffeln_apfel_ab_8monat_35g.jpg"
          },
          {
            "image_urls": [
              "https://www.edeka24.de/out/pictures/generated/product/1/224_224_90/edekabio_reiswaffelnmitmeersalz.jpg"
            ],
            "ItemTitle": "EDEKA Bio Reiswaffeln mit Meersalz 100G",
            "ItemPrice": "0,99€",
            "ItemUnit": "9,90€/kg",
            "local_image_path": "Bio-Produkte/Bio Marken/edekabio_reiswaffelnmitmeersalz.jpg"
          },
          {
            "image_urls": [
              "https://www.edeka24.de/out/pictures/generated/product/1/224_224_90/edekabio_reiswaffelnnatur.jpg"
            ],
            "ItemTitle": "EDEKA Bio Reiswaffeln natur 100G",
            "ItemPrice": "0,99€",
            "ItemUnit": "9,90€/kg",
            "local_image_path": "Bio-Produkte/Bio Marken/edekabio_reiswaffelnnatur.jpg"
          },
          {
            "image_urls": [
              "https://www.edeka24.de/out/pictures/generated/product/1/224_224_90/edekabiorogggenfollkornbrott.jpg"
            ],
            "ItemTitle": "EDEKA Bio Roggen Vollkornbrot 500G",
            "ItemPrice": "1,59€",
            "ItemUnit": "3,18€/kg",
            "local_image_path": "Lebensmittel/Frühstück & Snacks/edekabiorogggenfollkornbrott.jpg"
          },
          {
            "image_urls": [
              "https://www.edeka24.de/out/pictures/generated/product/1/224_224_90/bio_edeka_rote_linsen_500g.jpg"
            ],
            "ItemTitle": "EDEKA Bio Rote Linsen geölt 500G",
            "ItemPrice": "1,75€",
            "ItemUnit": "3,50€/kg",
            "local_image_path": "Lebensmittel/Beilagen/bio_edeka_rote_linsen_500g.jpg"
          },
          {
            "image_urls": [
              "https://www.edeka24.de/out/pictures/generated/product/1/224_224_90/bio_edeka_salami_sticks_classic_60g.jpg"
            ],
            "ItemTitle": "EDEKA Bio Salami Sticks 60G",
            "ItemPrice": "2,59€",
            "ItemUnit": "43,17€/kg",
            "local_image_path": "Lebensmittel/Frühstück & Snacks/bio_edeka_salami_sticks_classic_60g.jpg"
          },
          {
            "image_urls": [
              "https://www.edeka24.de/out/pictures/generated/product/1/224_224_90/bio_edeka_sauerkirschen_360g.jpg"
            ],
            "ItemTitle": "EDEKA Bio Sauerkirschen entsteint 360G",
            "ItemPrice": "2,19€",
            "ItemUnit": "11,23€/kg",
            "local_image_path": "Lebensmittel/Konserven/bio_edeka_sauerkirschen_360g.jpg"
          },
          {
            "image_urls": [
              "https://www.edeka24.de/out/pictures/generated/product/1/224_224_90/bio_edeka_sesam_knusperriegel_3x25g.jpg"
            ],
            "ItemTitle": "EDEKA Bio Sesam Knusperriegel 3ST 75G",
            "ItemPrice": "1,29€",
            "ItemUnit": "17,20€/kg",
            "local_image_path": "Bio-Produkte/Bio Marken/bio_edeka_sesam_knusperriegel_3x25g.jpg"
          },
          {
            "image_urls": [
              "https://www.edeka24.de/out/pictures/generated/product/1/224_224_90/bio_edeka_sonnenblumenkerne_250g.jpg"
            ],
            "ItemTitle": "EDEKA Bio Sonnenblumenkerne 250G",
            "ItemPrice": "1,19€",
            "ItemUnit": "4,76€/kg",
            "local_image_path": "Bio-Produkte/Bio Marken/bio_edeka_sonnenblumenkerne_250g.jpg"
          },
          {
            "image_urls": [
              "https://www.edeka24.de/out/pictures/generated/product/1/224_224_90/edeka_bio_spaghetti_aus_100_hartweizen.jpg"
            ],
            "ItemTitle": "EDEKA Bio Spaghetti aus 100% Hartweizen 500",
            "ItemPrice": "0,89€",
            "ItemUnit": "1,78€/kg",
            "local_image_path": "Lebensmittel/Beilagen/edeka_bio_spaghetti_aus_100_hartweizen.jpg"
          },
          {
            "image_urls": [
              "https://www.edeka24.de/out/pictures/generated/product/1/224_224_90/bio_edeka_tahin_sesammus_260g.jpg"
            ],
            "ItemTitle": "EDEKA Bio Tahin Sesammus vegan 260G",
            "ItemPrice": "3,79€",
            "ItemUnit": "14,58€/kg",
            "local_image_path": "Bio-Produkte/Bio Marken/bio_edeka_tahin_sesammus_260g.jpg"
          },
          {
            "image_urls": [
              "https://www.edeka24.de/out/pictures/generated/product/1/224_224_90/bio_edeka_tomatensauce_klassik_350ml.jpg"
            ],
            "ItemTitle": "EDEKA Bio Tomatensauce Klassik 350ML",
            "ItemPrice": "1,69€",
            "ItemUnit": "4,83€/l",
            "local_image_path": "Lebensmittel/Soßen/bio_edeka_tomatensauce_klassik_350ml.jpg"
          },
          {
            "image_urls": [
              "https://www.edeka24.de/out/pictures/generated/product/1/224_224_90/edeka_bio_trauben_saft_1_ltr.jpg"
            ],
            "ItemTitle": "EDEKA Bio Trauben Saft 1L",
            "ItemPrice": "2,39€",
            "ItemUnit": "2,39€/l",
            "local_image_path": "Lebensmittel/Getränke/edeka_bio_trauben_saft_1_ltr.jpg"
          },
          {
            "image_urls": [
              "https://www.edeka24.de/out/pictures/generated/product/1/224_224_90/bio_edeka_vollkorn_kruste_mit_saatenmischung_300g.jpg"
            ],
            "ItemTitle": "EDEKA Bio Vollkorn Kruste mit Saatenmischung 300G",
            "ItemPrice": "2,49€",
            "ItemUnit": "8,30€/kg",
            "local_image_path": "Bio-Produkte/Bio Marken/bio_edeka_vollkorn_kruste_mit_saatenmischung_300g.jpg"
          },
          {
            "image_urls": [
              "https://www.edeka24.de/out/pictures/generated/product/1/224_224_90/edeka_selection_bio_premium_haselnusscreme_200g.jpg"
            ],
            "ItemTitle": "EDEKA Genussmomente Bio Premium Haselnuss-Creme 200G",
            "ItemPrice": "3,79€",
            "ItemUnit": "18,95€/kg",
            "local_image_path": "Bio-Produkte/Bio Marken/edeka_selection_bio_premium_haselnusscreme_200g.jpg"
          },
          {
            "image_urls": [
              "https://www.edeka24.de/out/pictures/generated/product/1/224_224_90/elkos_bio_wattestbchen_300st.jpg"
            ],
            "ItemTitle": "elkos Bio Wattestäbchen 300ST",
            "ItemPrice": "0,89€",
            "ItemUnit": "",
            "local_image_path": "Bio-Produkte/Bio Marken/elkos_bio_wattestbchen_300st.jpg"
          },
          {
            "image_urls": [
              "https://www.edeka24.de/out/pictures/generated/product/1/224_224_90/gepa_bio_schonkaffee_gemahlen_250g.jpg"
            ],
            "ItemTitle": "GEPA Bio Organico mild 250G",
            "ItemPrice": "6,99€",
            "ItemUnit": "27,96€/kg",
            "local_image_path": "Bio-Produkte/Bio Marken/gepa_bio_schonkaffee_gemahlen_250g.jpg"
          },
          {
            "image_urls": [
              "https://www.edeka24.de/out/pictures/generated/product/1/224_224_90/gepa-bio-grand-noir-edelbitter-schokolade-85-100g-fairtrade.jpg"
            ],
            "ItemTitle": "GEPA Bio Schokolade Edelbitter 85% 100G",
            "ItemPrice": "2,59€",
            "ItemUnit": "25,90€/kg",
            "local_image_path": "Bio-Produkte/Bio Marken/gepa-bio-grand-noir-edelbitter-schokolade-85-100g-fairtrade.jpg"
          },
          {
            "image_urls": [
              "https://www.edeka24.de/out/pictures/generated/product/1/224_224_90/gepazartbittermildpur.jpg"
            ],
            "ItemTitle": "GEPA Bio Zartbitter Mild pur 60% Kakao 100G",
            "ItemPrice": "2,29€",
            "ItemUnit": "22,90€/kg",
            "local_image_path": "Bio-Produkte/Bio Marken/gepazartbittermildpur.jpg"
          },
          {
            "image_urls": [
              "https://www.edeka24.de/out/pictures/generated/product/1/224_224_90/gepa-benita-bio-cafe.jpg"
            ],
            "ItemTitle": "GEPA Fairtrade Bio Instant Café Benita 100G",
            "ItemPrice": "8,99€",
            "ItemUnit": "89,90€/kg",
            "local_image_path": "Bio-Produkte/Bio Marken/gepa-benita-bio-cafe.jpg"
          },
          {
            "image_urls": [
              "https://www.edeka24.de/out/pictures/generated/product/1/224_224_90/gepa-trinkschokolade.jpg"
            ],
            "ItemTitle": "GEPA Fairtrade Bio Trinkschokolade 250G",
            "ItemPrice": "4,79€",
            "ItemUnit": "19,16€/kg",
            "local_image_path": "Bio-Produkte/Bio Marken/gepa-trinkschokolade.jpg"
          },
          {
            "image_urls": [
              "https://www.edeka24.de/out/pictures/generated/product/1/224_224_90/gepa_fairtrade_grand_noir_orange_bio_schokolade_70_2016.jpg"
            ],
            "ItemTitle": "GEPA Fairtrade Grand Noir Orange Bio Schokolade 70% Cacao 100G",
            "ItemPrice": "2,59€",
            "ItemUnit": "25,90€/kg",
            "local_image_path": "Bio-Produkte/Bio Marken/gepa_fairtrade_grand_noir_orange_bio_schokolade_70_2016.jpg"
          },
          {
            "image_urls": [
              "https://www.edeka24.de/out/pictures/generated/product/1/224_224_90/gepa_fairtrade_italienischer_bio_espresso_ganze_bohnen.jpg"
            ],
            "ItemTitle": "GEPA Fairtrade Italienischer Bio Espresso ganze Bohnen 1KG",
            "ItemPrice": "25,99€",
            "ItemUnit": "25,99€/kg",
            "local_image_path": "Lebensmittel/Kaffee & Tee/gepa_fairtrade_italienischer_bio_espresso_ganze_bohnen.jpg"
          },
          {
            "image_urls": [
              "https://www.edeka24.de/out/pictures/generated/product/1/224_224_90/gepaorganico.jpg"
            ],
            "ItemTitle": "GEPA Faitrade Bio Cafe Organico naturmild gemahlen 250G",
            "ItemPrice": "6,49€",
            "ItemUnit": "25,96€/kg",
            "local_image_path": "Bio-Produkte/Bio Marken/gepaorganico.jpg"
          },
          {
            "image_urls": [
              "https://www.edeka24.de/out/pictures/generated/product/1/224_224_90/heinz_bio_tomato_ketchup_400ml.jpg"
            ],
            "ItemTitle": "Heinz Bio Tomato Ketchup 400ML",
            "ItemPrice": "3,79€",
            "ItemUnit": "9,48€/l",
            "local_image_path": "Lebensmittel/Soßen/heinz_bio_tomato_ketchup_400ml.jpg"
          },
          {
            "image_urls": [
              "https://www.edeka24.de/out/pictures/generated/product/1/224_224_90/hippbioapfel.jpg"
            ],
            "ItemTitle": "Hipp Bio Apfel ab dem 5.Monat 125G",
            "ItemPrice": "1,19€",
            "ItemUnit": "9,52€/kg",
            "local_image_path": "Bio-Produkte/Bio Marken/hippbioapfel.jpg"
          },
          {
            "image_urls": [
              "https://www.edeka24.de/out/pictures/generated/product/1/224_224_90/hippbanpfirinapfab5.jpg"
            ],
            "ItemTitle": "Hipp Bio Banane & Pfirsich in Apfel ab 5.Monat 190G",
            "ItemPrice": "1,49€",
            "ItemUnit": "7,84€/kg",
            "local_image_path": "Drogerie/Baby & Kleinkind/hippbanpfirinapfab5.jpg"
          },
          {
            "image_urls": [
              "https://www.edeka24.de/out/pictures/generated/product/1/224_224_90/hi6805_bio_huehngemampampkart250g.jpg"
            ],
            "ItemTitle": "Hipp Bio Buttergemüse und Bio-Hühnchen ab 12. Monat 250G",
            "ItemPrice": "1,89€",
            "ItemUnit": "7,56€/kg",
            "local_image_path": "Bio-Produkte/Bio Marken/hi6805_bio_huehngemampampkart250g.jpg"
          },
          {
            "image_urls": [
              "https://www.edeka24.de/out/pictures/generated/product/1/224_224_90/bio_hipp_direktsaft_karotte_ab_dem_5monat_033l.jpg"
            ],
            "ItemTitle": "Hipp Bio Direktsaft Karotte ab dem 5.Monat 0,33L",
            "ItemPrice": "1,79€",
            "ItemUnit": "5,42€/l",
            "local_image_path": "Bio-Produkte/Bio Marken/bio_hipp_direktsaft_karotte_ab_dem_5monat_033l.jpg"
          },
          {
            "image_urls": [
              "https://www.edeka24.de/out/pictures/generated/product/1/224_224_90/bio_hipp_apfelbananenmamp252esli_ohne_zuckerzusatz_ab_8monat_190g.jpg"
            ],
            "ItemTitle": "Hipp Bio Frucht & Getreide Apfel-Bananen-Müesli ab 8.Monat 190G",
            "ItemPrice": "1,49€",
            "ItemUnit": "7,84€/kg",
            "local_image_path": "Bio-Produkte/Bio Marken/bio_hipp_apfelbananenmamp252esli_ohne_zuckerzusatz_ab_8monat_190g.jpg"
          },
          {
            "image_urls": [
              "https://www.edeka24.de/out/pictures/generated/product/1/224_224_90/bio_hipp_fruchtampampgetreide_birne_in_apfel_mit_dinkel_nach_dem_5monat_190g.jpg"
            ],
            "ItemTitle": "Hipp Bio Frucht & Getreide Birne in Apfel mit Dinkel nach dem 5.Monat 190G",
            "ItemPrice": "1,49€",
            "ItemUnit": "7,84€/kg",
            "local_image_path": "Bio-Produkte/Bio Marken/bio_hipp_fruchtampampgetreide_birne_in_apfel_mit_dinkel_nach_dem_5monat_190g.jpg"
          },
          {
            "image_urls": [
              "https://www.edeka24.de/out/pictures/generated/product/1/224_224_90/bio_hipp_framp252chte_duett_joghurt_auf_framp252chten_ab_10monat_160g.jpg"
            ],
            "ItemTitle": "Hipp Bio Früchte Duett Joghurt auf Früchten ab 10.Monat 160G",
            "ItemPrice": "1,39€",
            "ItemUnit": "8,69€/kg",
            "local_image_path": "Bio-Produkte/Bio Marken/bio_hipp_framp252chte_duett_joghurt_auf_framp252chten_ab_10monat_160g.jpg"
          },
          {
            "image_urls": [
              "https://www.edeka24.de/out/pictures/generated/product/1/224_224_90/bio_hipp_famp252r_kinder_knabber_sternchen_mit_apfel_orange_und_johannisbeere_ab_1_30g.jpg"
            ],
            "ItemTitle": "Hipp Bio für Kinder Knabber Sternchen mit Apfel, Orange und Johannisbeere ab 1+ 30G",
            "ItemPrice": "1,19€",
            "ItemUnit": "39,67€/kg",
            "local_image_path": "Bio-Produkte/Bio Marken/bio_hipp_famp252r_kinder_knabber_sternchen_mit_apfel_orange_und_johannisbeere_ab_1_30g.jpg"
          },
          {
            "image_urls": [
              "https://www.edeka24.de/out/pictures/generated/product/1/224_224_90/hippgartgemput.jpg"
            ],
            "ItemTitle": "Hipp Bio Gartengemüse mit Bio-Pute und Rosmarin ab 1+ Jahr 250G",
            "ItemPrice": "1,99€",
            "ItemUnit": "7,96€/kg",
            "local_image_path": "Bio-Produkte/Bio Marken/hippgartgemput.jpg"
          },
          {
            "image_urls": [
              "https://www.edeka24.de/out/pictures/generated/product/1/224_224_90/bio_hipp_gemamp252seeintopf_ab_12monat_250g.jpg"
            ],
            "ItemTitle": "Hipp Bio Gemüse-Eintopf ab dem 12.Monat 250G",
            "ItemPrice": "1,89€",
            "ItemUnit": "7,56€/kg",
            "local_image_path": "Bio-Produkte/Bio Marken/bio_hipp_gemamp252seeintopf_ab_12monat_250g.jpg"
          },
          {
            "image_urls": [
              "https://www.edeka24.de/out/pictures/generated/product/1/224_224_90/hippgemfleipfakarterb.jpg"
            ],
            "ItemTitle": "Hipp Bio Gemüse-Fleischpfanne mit Kartoffelwürfeln und Erbsen ab 1+ Jahr 250G",
            "ItemPrice": "1,99€",
            "ItemUnit": "7,96€/kg",
            "local_image_path": "Bio-Produkte/Bio Marken/hippgemfleipfakarterb.jpg"
          },
          {
            "image_urls": [
              "https://www.edeka24.de/out/pictures/generated/product/1/224_224_90/hipphippisapfbanhimdin.jpg"
            ],
            "ItemTitle": "Hipp Bio Hippis Apfel-Banane-Himbeere mit Vollkorn ab 1+ Jahr 100G",
            "ItemPrice": "1,19€",
            "ItemUnit": "11,90€/kg",
            "local_image_path": "Bio-Produkte/Bio Marken/hipphippisapfbanhimdin.jpg"
          },
          {
            "image_urls": [
              "https://www.edeka24.de/out/pictures/generated/product/1/224_224_90/hippiserdbanapf.jpg"
            ],
            "ItemTitle": "Hipp Bio Hippis Erdbeere-Banane in Apfel 100G",
            "ItemPrice": "1,19€",
            "ItemUnit": "11,90€/kg",
            "local_image_path": "Bio-Produkte/Bio Marken/hippiserdbanapf.jpg"
          },
          {
            "image_urls": [
              "https://www.edeka24.de/out/pictures/generated/product/1/224_224_90/hippiskiwibirnban.jpg"
            ],
            "ItemTitle": "Hipp Bio Hippis Kiwi in Birne-Banane 100G",
            "ItemPrice": "1,19€",
            "ItemUnit": "11,90€/kg",
            "local_image_path": "Bio-Produkte/Bio Marken/hippiskiwibirnban.jpg"
          },
          {
            "image_urls": [
              "https://www.edeka24.de/out/pictures/generated/product/1/224_224_90/hipphippismanmarbirapf.jpg"
            ],
            "ItemTitle": "Hipp Bio Hippis Mango-Maracuja in Birne-Apfel 100G",
            "ItemPrice": "1,19€",
            "ItemUnit": "11,90€/kg",
            "local_image_path": "Bio-Produkte/Bio Marken/hipphippismanmarbirapf.jpg"
          },
          {
            "image_urls": [
              "https://www.edeka24.de/out/pictures/generated/product/1/224_224_90/hipphippispfibanapfcoo.jpg"
            ],
            "ItemTitle": "Hipp Bio Hippis Pfirsich-Banane in Apfel mit Cookies ab 1 Jahr 100G",
            "ItemPrice": "1,19€",
            "ItemUnit": "11,90€/kg",
            "local_image_path": "Bio-Produkte/Bio Marken/hipphippispfibanapfcoo.jpg"
          },
          {
            "image_urls": [
              "https://www.edeka24.de/out/pictures/generated/product/1/224_224_90/hipphippiswalbeereapf-pfi.jpg"
            ],
            "ItemTitle": "Hipp Bio Hippis Waldbeeren in Apfel-Pfirsich 100G",
            "ItemPrice": "1,19€",
            "ItemUnit": "11,90€/kg",
            "local_image_path": "Bio-Produkte/Bio Marken/hipphippiswalbeereapf-pfi.jpg"
          },
          {
            "image_urls": [
              "https://www.edeka24.de/out/pictures/generated/product/1/224_224_90/bio_hipp_hirsestangen_ab_8monat_30g.jpg"
            ],
            "ItemTitle": "Hipp Bio Hirsestangen ab 8.Monat 30G",
            "ItemPrice": "1,19€",
            "ItemUnit": "39,67€/kg",
            "local_image_path": "Bio-Produkte/Bio Marken/bio_hipp_hirsestangen_ab_8monat_30g.jpg"
          },
          {
            "image_urls": [
              "https://www.edeka24.de/out/pictures/generated/product/1/224_224_90/bio_hipp_kindermilch_ab_dem_12monat_600g.jpg"
            ],
            "ItemTitle": "Hipp Bio Kindermilch ab dem 12.Monat 600G",
            "ItemPrice": "9,49€",
            "ItemUnit": "15,82€/kg",
            "local_image_path": "Bio-Produkte/Bio Marken/bio_hipp_kindermilch_ab_dem_12monat_600g.jpg"
          },
          {
            "image_urls": [
              "https://www.edeka24.de/out/pictures/generated/product/1/224_224_90/bio_hipp_mangobananengrieamp223_ohne_zuckerzusatz_ab_6monat_190g.jpg"
            ],
            "ItemTitle": "Hipp Bio Mango-Bananen-Grieß ohne Zuckerzusatz ab 6.Monat 190G",
            "ItemPrice": "1,49€",
            "ItemUnit": "7,84€/kg",
            "local_image_path": "Bio-Produkte/Bio Marken/bio_hipp_mangobananengrieamp223_ohne_zuckerzusatz_ab_6monat_190g.jpg"
          },
          {
            "image_urls": [
              "https://www.edeka24.de/out/pictures/generated/product/1/224_224_90/hippnudelabc.jpg"
            ],
            "ItemTitle": "Hipp Bio Nudel-ABC mit Bolognese Sauce ab 1+ 250G",
            "ItemPrice": "1,99€",
            "ItemUnit": "7,96€/kg",
            "local_image_path": "Bio-Produkte/Bio Marken/hippnudelabc.jpg"
          },
          {
            "image_urls": [
              "https://www.edeka24.de/out/pictures/generated/product/1/224_224_90/bio_hipp_reiswaffeln_apfel_ab_8monat_30g.jpg"
            ],
            "ItemTitle": "Hipp Bio Reiswaffeln Apfel ab 8.Monat 30G",
            "ItemPrice": "1,19€",
            "ItemUnit": "39,67€/kg",
            "local_image_path": "Bio-Produkte/Bio Marken/bio_hipp_reiswaffeln_apfel_ab_8monat_30g.jpg"
          },
          {
            "image_urls": [
              "https://www.edeka24.de/out/pictures/generated/product/1/224_224_90/bio_hipp_rote_traube_in_apfel_mit_eisen_ab_6monat_05l.jpg"
            ],
            "ItemTitle": "Hipp Bio Rote Traube in Apfel mit Eisen ab 6.Monat 0,5L",
            "ItemPrice": "1,59€",
            "ItemUnit": "3,18€/l",
            "local_image_path": "Bio-Produkte/Bio Marken/bio_hipp_rote_traube_in_apfel_mit_eisen_ab_6monat_05l.jpg"
          },
          {
            "image_urls": [
              "https://www.edeka24.de/out/pictures/generated/product/1/224_224_90/hippbsma.jpg"
            ],
            "ItemTitle": "Hipp Bio Saft milder Apfel ab dem 5.Monat 0,2L",
            "ItemPrice": "1,05€",
            "ItemUnit": "5,25€/l",
            "local_image_path": "Bio-Produkte/Bio Marken/hippbsma.jpg"
          },
          {
            "image_urls": [
              "https://www.edeka24.de/out/pictures/generated/product/1/224_224_90/hipphippissnackiebirbantrahaf.jpg"
            ],
            "ItemTitle": "Hipp Bio Snackie Birne-Banane-Traube mit Hafer 1+ 120G",
            "ItemPrice": "1,29€",
            "ItemUnit": "10,75€/kg",
            "local_image_path": "Bio-Produkte/Bio Marken/hipphippissnackiebirbantrahaf.jpg"
          },
          {
            "image_urls": [
              "https://www.edeka24.de/out/pictures/generated/product/1/224_224_90/bio_huober_bierstengel_100g.jpg"
            ],
            "ItemTitle": "Huober Bio Bierstengel 100G",
            "ItemPrice": "2,29€",
            "ItemUnit": "22,90€/kg",
            "local_image_path": "Bio-Produkte/Bio Marken/bio_huober_bierstengel_100g.jpg"
          },
          {
            "image_urls": [
              "https://www.edeka24.de/out/pictures/generated/product/1/224_224_90/huober_bio_groe_brezeln_10st_200g.jpg"
            ],
            "ItemTitle": "Huober Bio Große Brezeln 10ST 200G",
            "ItemPrice": "3,29€",
            "ItemUnit": "16,45€/kg",
            "local_image_path": "Lebensmittel/Süß & Salzig/huober_bio_groe_brezeln_10st_200g.jpg"
          },
          {
            "image_urls": [
              "https://www.edeka24.de/out/pictures/generated/product/1/224_224_90/bio_jacoby_naturland_apfelsaft_direktsaft_075l.jpg"
            ],
            "ItemTitle": "Jacoby Bio Apfelsaft 0,75L",
            "ItemPrice": "2,29€",
            "ItemUnit": "3,05€/l",
            "local_image_path": "Bio-Produkte/Bio Marken/bio_jacoby_naturland_apfelsaft_direktsaft_075l.jpg"
          },
          {
            "image_urls": [
              "https://www.edeka24.de/out/pictures/generated/product/1/224_224_90/bio_jacoby_johannisbeernektar_075l.jpg"
            ],
            "ItemTitle": "Jacoby Bio Schwarzer Johannisbeer Nektar 0,75L",
            "ItemPrice": "2,49€",
            "ItemUnit": "3,32€/l",
            "local_image_path": "Bio-Produkte/Bio Marken/bio_jacoby_johannisbeernektar_075l.jpg"
          },
          {
            "image_urls": [
              "https://www.edeka24.de/out/pictures/generated/product/1/224_224_90/jtblackbeanspagh.jpg"
            ],
            "ItemTitle": "Just Taste Bio Black Bean Spaghetti 250G",
            "ItemPrice": "3,49€",
            "ItemUnit": "13,96€/kg",
            "local_image_path": "Bio-Produkte/Bio Marken/jtblackbeanspagh.jpg"
          },
          {
            "image_urls": [
              "https://www.edeka24.de/out/pictures/generated/product/1/224_224_90/hippbioapfel.jpg"
            ],
            "ItemTitle": "Hipp Bio Apfel ab dem 5.Monat 125G",
            "ItemPrice": "1,19€",
            "ItemUnit": "9,52€/kg",
            "local_image_path": "Bio-Produkte/Bio Marken/hippbioapfel.jpg"
          },
          {
            "image_urls": [
              "https://www.edeka24.de/out/pictures/generated/product/1/224_224_90/hippbanpfirinapfab5.jpg"
            ],
            "ItemTitle": "Hipp Bio Banane & Pfirsich in Apfel ab 5.Monat 190G",
            "ItemPrice": "1,49€",
            "ItemUnit": "7,84€/kg",
            "local_image_path": "Drogerie/Baby & Kleinkind/hippbanpfirinapfab5.jpg"
          },
          {
            "image_urls": [
              "https://www.edeka24.de/out/pictures/generated/product/1/224_224_90/hi6805_bio_huehngemampampkart250g.jpg"
            ],
            "ItemTitle": "Hipp Bio Buttergemüse und Bio-Hühnchen ab 12. Monat 250G",
            "ItemPrice": "1,89€",
            "ItemUnit": "7,56€/kg",
            "local_image_path": "Bio-Produkte/Bio Marken/hi6805_bio_huehngemampampkart250g.jpg"
          },
          {
            "image_urls": [
              "https://www.edeka24.de/out/pictures/generated/product/1/224_224_90/bio_hipp_direktsaft_karotte_ab_dem_5monat_033l.jpg"
            ],
            "ItemTitle": "Hipp Bio Direktsaft Karotte ab dem 5.Monat 0,33L",
            "ItemPrice": "1,79€",
            "ItemUnit": "5,42€/l",
            "local_image_path": "Bio-Produkte/Bio Marken/bio_hipp_direktsaft_karotte_ab_dem_5monat_033l.jpg"
          },
          {
            "image_urls": [
              "https://www.edeka24.de/out/pictures/generated/product/1/224_224_90/bio_hipp_apfelbananenmamp252esli_ohne_zuckerzusatz_ab_8monat_190g.jpg"
            ],
            "ItemTitle": "Hipp Bio Frucht & Getreide Apfel-Bananen-Müesli ab 8.Monat 190G",
            "ItemPrice": "1,49€",
            "ItemUnit": "7,84€/kg",
            "local_image_path": "Bio-Produkte/Bio Marken/bio_hipp_apfelbananenmamp252esli_ohne_zuckerzusatz_ab_8monat_190g.jpg"
          },
          {
            "image_urls": [
              "https://www.edeka24.de/out/pictures/generated/product/1/224_224_90/bio_hipp_fruchtampampgetreide_birne_in_apfel_mit_dinkel_nach_dem_5monat_190g.jpg"
            ],
            "ItemTitle": "Hipp Bio Frucht & Getreide Birne in Apfel mit Dinkel nach dem 5.Monat 190G",
            "ItemPrice": "1,49€",
            "ItemUnit": "7,84€/kg",
            "local_image_path": "Bio-Produkte/Bio Marken/bio_hipp_fruchtampampgetreide_birne_in_apfel_mit_dinkel_nach_dem_5monat_190g.jpg"
          },
          {
            "image_urls": [
              "https://www.edeka24.de/out/pictures/generated/product/1/224_224_90/bio_hipp_framp252chte_duett_joghurt_auf_framp252chten_ab_10monat_160g.jpg"
            ],
            "ItemTitle": "Hipp Bio Früchte Duett Joghurt auf Früchten ab 10.Monat 160G",
            "ItemPrice": "1,39€",
            "ItemUnit": "8,69€/kg",
            "local_image_path": "Bio-Produkte/Bio Marken/bio_hipp_framp252chte_duett_joghurt_auf_framp252chten_ab_10monat_160g.jpg"
          },
          {
            "image_urls": [
              "https://www.edeka24.de/out/pictures/generated/product/1/224_224_90/bio_hipp_famp252r_kinder_knabber_sternchen_mit_apfel_orange_und_johannisbeere_ab_1_30g.jpg"
            ],
            "ItemTitle": "Hipp Bio für Kinder Knabber Sternchen mit Apfel, Orange und Johannisbeere ab 1+ 30G",
            "ItemPrice": "1,19€",
            "ItemUnit": "39,67€/kg",
            "local_image_path": "Bio-Produkte/Bio Marken/bio_hipp_famp252r_kinder_knabber_sternchen_mit_apfel_orange_und_johannisbeere_ab_1_30g.jpg"
          },
          {
            "image_urls": [
              "https://www.edeka24.de/out/pictures/generated/product/1/224_224_90/hippgartgemput.jpg"
            ],
            "ItemTitle": "Hipp Bio Gartengemüse mit Bio-Pute und Rosmarin ab 1+ Jahr 250G",
            "ItemPrice": "1,99€",
            "ItemUnit": "7,96€/kg",
            "local_image_path": "Bio-Produkte/Bio Marken/hippgartgemput.jpg"
          },
          {
            "image_urls": [
              "https://www.edeka24.de/out/pictures/generated/product/1/224_224_90/bio_hipp_gemamp252seeintopf_ab_12monat_250g.jpg"
            ],
            "ItemTitle": "Hipp Bio Gemüse-Eintopf ab dem 12.Monat 250G",
            "ItemPrice": "1,89€",
            "ItemUnit": "7,56€/kg",
            "local_image_path": "Bio-Produkte/Bio Marken/bio_hipp_gemamp252seeintopf_ab_12monat_250g.jpg"
          },
          {
            "image_urls": [
              "https://www.edeka24.de/out/pictures/generated/product/1/224_224_90/hippgemfleipfakarterb.jpg"
            ],
            "ItemTitle": "Hipp Bio Gemüse-Fleischpfanne mit Kartoffelwürfeln und Erbsen ab 1+ Jahr 250G",
            "ItemPrice": "1,99€",
            "ItemUnit": "7,96€/kg",
            "local_image_path": "Bio-Produkte/Bio Marken/hippgemfleipfakarterb.jpg"
          },
          {
            "image_urls": [
              "https://www.edeka24.de/out/pictures/generated/product/1/224_224_90/hipphippisapfbanhimdin.jpg"
            ],
            "ItemTitle": "Hipp Bio Hippis Apfel-Banane-Himbeere mit Vollkorn ab 1+ Jahr 100G",
            "ItemPrice": "1,19€",
            "ItemUnit": "11,90€/kg",
            "local_image_path": "Bio-Produkte/Bio Marken/hipphippisapfbanhimdin.jpg"
          },
          {
            "image_urls": [
              "https://www.edeka24.de/out/pictures/generated/product/1/224_224_90/hippiserdbanapf.jpg"
            ],
            "ItemTitle": "Hipp Bio Hippis Erdbeere-Banane in Apfel 100G",
            "ItemPrice": "1,19€",
            "ItemUnit": "11,90€/kg",
            "local_image_path": "Bio-Produkte/Bio Marken/hippiserdbanapf.jpg"
          },
          {
            "image_urls": [
              "https://www.edeka24.de/out/pictures/generated/product/1/224_224_90/hippiskiwibirnban.jpg"
            ],
            "ItemTitle": "Hipp Bio Hippis Kiwi in Birne-Banane 100G",
            "ItemPrice": "1,19€",
            "ItemUnit": "11,90€/kg",
            "local_image_path": "Bio-Produkte/Bio Marken/hippiskiwibirnban.jpg"
          },
          {
            "image_urls": [
              "https://www.edeka24.de/out/pictures/generated/product/1/224_224_90/hipphippismanmarbirapf.jpg"
            ],
            "ItemTitle": "Hipp Bio Hippis Mango-Maracuja in Birne-Apfel 100G",
            "ItemPrice": "1,19€",
            "ItemUnit": "11,90€/kg",
            "local_image_path": "Bio-Produkte/Bio Marken/hipphippismanmarbirapf.jpg"
          },
          {
            "image_urls": [
              "https://www.edeka24.de/out/pictures/generated/product/1/224_224_90/hipphippispfibanapfcoo.jpg"
            ],
            "ItemTitle": "Hipp Bio Hippis Pfirsich-Banane in Apfel mit Cookies ab 1 Jahr 100G",
            "ItemPrice": "1,19€",
            "ItemUnit": "11,90€/kg",
            "local_image_path": "Bio-Produkte/Bio Marken/hipphippispfibanapfcoo.jpg"
          },
          {
            "image_urls": [
              "https://www.edeka24.de/out/pictures/generated/product/1/224_224_90/hipphippiswalbeereapf-pfi.jpg"
            ],
            "ItemTitle": "Hipp Bio Hippis Waldbeeren in Apfel-Pfirsich 100G",
            "ItemPrice": "1,19€",
            "ItemUnit": "11,90€/kg",
            "local_image_path": "Bio-Produkte/Bio Marken/hipphippiswalbeereapf-pfi.jpg"
          },
          {
            "image_urls": [
              "https://www.edeka24.de/out/pictures/generated/product/1/224_224_90/bio_hipp_hirsestangen_ab_8monat_30g.jpg"
            ],
            "ItemTitle": "Hipp Bio Hirsestangen ab 8.Monat 30G",
            "ItemPrice": "1,19€",
            "ItemUnit": "39,67€/kg",
            "local_image_path": "Bio-Produkte/Bio Marken/bio_hipp_hirsestangen_ab_8monat_30g.jpg"
          },
          {
            "image_urls": [
              "https://www.edeka24.de/out/pictures/generated/product/1/224_224_90/bio_hipp_kindermilch_ab_dem_12monat_600g.jpg"
            ],
            "ItemTitle": "Hipp Bio Kindermilch ab dem 12.Monat 600G",
            "ItemPrice": "9,49€",
            "ItemUnit": "15,82€/kg",
            "local_image_path": "Bio-Produkte/Bio Marken/bio_hipp_kindermilch_ab_dem_12monat_600g.jpg"
          },
          {
            "image_urls": [
              "https://www.edeka24.de/out/pictures/generated/product/1/224_224_90/bio_hipp_mangobananengrieamp223_ohne_zuckerzusatz_ab_6monat_190g.jpg"
            ],
            "ItemTitle": "Hipp Bio Mango-Bananen-Grieß ohne Zuckerzusatz ab 6.Monat 190G",
            "ItemPrice": "1,49€",
            "ItemUnit": "7,84€/kg",
            "local_image_path": "Bio-Produkte/Bio Marken/bio_hipp_mangobananengrieamp223_ohne_zuckerzusatz_ab_6monat_190g.jpg"
          },
          {
            "image_urls": [
              "https://www.edeka24.de/out/pictures/generated/product/1/224_224_90/hippnudelabc.jpg"
            ],
            "ItemTitle": "Hipp Bio Nudel-ABC mit Bolognese Sauce ab 1+ 250G",
            "ItemPrice": "1,99€",
            "ItemUnit": "7,96€/kg",
            "local_image_path": "Bio-Produkte/Bio Marken/hippnudelabc.jpg"
          },
          {
            "image_urls": [
              "https://www.edeka24.de/out/pictures/generated/product/1/224_224_90/bio_hipp_reiswaffeln_apfel_ab_8monat_30g.jpg"
            ],
            "ItemTitle": "Hipp Bio Reiswaffeln Apfel ab 8.Monat 30G",
            "ItemPrice": "1,19€",
            "ItemUnit": "39,67€/kg",
            "local_image_path": "Bio-Produkte/Bio Marken/bio_hipp_reiswaffeln_apfel_ab_8monat_30g.jpg"
          },
          {
            "image_urls": [
              "https://www.edeka24.de/out/pictures/generated/product/1/224_224_90/bio_hipp_rote_traube_in_apfel_mit_eisen_ab_6monat_05l.jpg"
            ],
            "ItemTitle": "Hipp Bio Rote Traube in Apfel mit Eisen ab 6.Monat 0,5L",
            "ItemPrice": "1,59€",
            "ItemUnit": "3,18€/l",
            "local_image_path": "Bio-Produkte/Bio Marken/bio_hipp_rote_traube_in_apfel_mit_eisen_ab_6monat_05l.jpg"
          },
          {
            "image_urls": [
              "https://www.edeka24.de/out/pictures/generated/product/1/224_224_90/hippbsma.jpg"
            ],
            "ItemTitle": "Hipp Bio Saft milder Apfel ab dem 5.Monat 0,2L",
            "ItemPrice": "1,05€",
            "ItemUnit": "5,25€/l",
            "local_image_path": "Bio-Produkte/Bio Marken/hippbsma.jpg"
          },
          {
            "image_urls": [
              "https://www.edeka24.de/out/pictures/generated/product/1/224_224_90/hipphippissnackiebirbantrahaf.jpg"
            ],
            "ItemTitle": "Hipp Bio Snackie Birne-Banane-Traube mit Hafer 1+ 120G",
            "ItemPrice": "1,29€",
            "ItemUnit": "10,75€/kg",
            "local_image_path": "Bio-Produkte/Bio Marken/hipphippissnackiebirbantrahaf.jpg"
          },
          {
            "image_urls": [
              "https://www.edeka24.de/out/pictures/generated/product/1/224_224_90/bio_huober_bierstengel_100g.jpg"
            ],
            "ItemTitle": "Huober Bio Bierstengel 100G",
            "ItemPrice": "2,29€",
            "ItemUnit": "22,90€/kg",
            "local_image_path": "Bio-Produkte/Bio Marken/bio_huober_bierstengel_100g.jpg"
          },
          {
            "image_urls": [
              "https://www.edeka24.de/out/pictures/generated/product/1/224_224_90/huober_bio_groe_brezeln_10st_200g.jpg"
            ],
            "ItemTitle": "Huober Bio Große Brezeln 10ST 200G",
            "ItemPrice": "3,29€",
            "ItemUnit": "16,45€/kg",
            "local_image_path": "Lebensmittel/Süß & Salzig/huober_bio_groe_brezeln_10st_200g.jpg"
          },
          {
            "image_urls": [
              "https://www.edeka24.de/out/pictures/generated/product/1/224_224_90/bio_jacoby_naturland_apfelsaft_direktsaft_075l.jpg"
            ],
            "ItemTitle": "Jacoby Bio Apfelsaft 0,75L",
            "ItemPrice": "2,29€",
            "ItemUnit": "3,05€/l",
            "local_image_path": "Bio-Produkte/Bio Marken/bio_jacoby_naturland_apfelsaft_direktsaft_075l.jpg"
          },
          {
            "image_urls": [
              "https://www.edeka24.de/out/pictures/generated/product/1/224_224_90/bio_jacoby_johannisbeernektar_075l.jpg"
            ],
            "ItemTitle": "Jacoby Bio Schwarzer Johannisbeer Nektar 0,75L",
            "ItemPrice": "2,49€",
            "ItemUnit": "3,32€/l",
            "local_image_path": "Bio-Produkte/Bio Marken/bio_jacoby_johannisbeernektar_075l.jpg"
          },
          {
            "image_urls": [
              "https://www.edeka24.de/out/pictures/generated/product/1/224_224_90/jtblackbeanspagh.jpg"
            ],
            "ItemTitle": "Just Taste Bio Black Bean Spaghetti 250G",
            "ItemPrice": "3,49€",
            "ItemUnit": "13,96€/kg",
            "local_image_path": "Bio-Produkte/Bio Marken/jtblackbeanspagh.jpg"
          },
          {
            "image_urls": [
              "https://www.edeka24.de/out/pictures/generated/product/1/224_224_90/bio_red_bull_black_orange_025l_dpg.jpg"
            ],
            "ItemTitle": "Red Bull Bio Organics Black Orange 250ML",
            "ItemPrice": "1,29€",
            "ItemUnit": "5,16€/lzzgl.0,25€Pfand",
            "local_image_path": "Bio-Produkte/Bio Marken/bio_red_bull_black_orange_025l_dpg.jpg"
          },
          {
            "image_urls": [
              "https://www.edeka24.de/out/pictures/generated/product/1/224_224_90/red_bull_bio_organics_simply_cola_025l.jpg"
            ],
            "ItemTitle": "Red Bull Bio Organics Simply Cola 250ML",
            "ItemPrice": "1,29€",
            "ItemUnit": "5,16€/lzzgl.0,25€Pfand",
            "local_image_path": "Lebensmittel/Getränke/red_bull_bio_organics_simply_cola_025l.jpg"
          },
          {
            "image_urls": [
              "https://www.edeka24.de/out/pictures/generated/product/1/224_224_90/rettergutpappik.jpg"
            ],
            "ItemTitle": "Rettergut Bio Aufstrich Paprika Pikant 135G",
            "ItemPrice": "2,89€",
            "ItemUnit": "21,41€/kg",
            "local_image_path": "Bio-Produkte/Bio Marken/rettergutpappik.jpg"
          },
          {
            "image_urls": [
              "https://www.edeka24.de/out/pictures/generated/product/1/224_224_90/retterguttom-kru.jpg"
            ],
            "ItemTitle": "Rettergut Bio Aufstrich Tomate & Kräuter 135G",
            "ItemPrice": "2,89€",
            "ItemUnit": "21,41€/kg",
            "local_image_path": "Bio-Produkte/Bio Marken/retterguttom-kru.jpg"
          },
          {
            "image_urls": [
              "https://www.edeka24.de/out/pictures/generated/product/1/224_224_90/rettergutrobeemeerr.jpg"
            ],
            "ItemTitle": "Rettergut Bio Brotaufstrich Rote Beete & Meerrettich 135G",
            "ItemPrice": "2,89€",
            "ItemUnit": "21,41€/kg",
            "local_image_path": "Bio-Produkte/Bio Marken/rettergutrobeemeerr.jpg"
          },
          {
            "image_urls": [
              "https://www.edeka24.de/out/pictures/generated/product/1/224_224_90/bio_rettergut_karottensuppe_mit_ingwer_375ml.jpg"
            ],
            "ItemTitle": "Rettergut Bio Karottensuppe mit Ingwer 375ML",
            "ItemPrice": "3,49€",
            "ItemUnit": "9,31€/l",
            "local_image_path": "Lebensmittel/Fertiggerichte/bio_rettergut_karottensuppe_mit_ingwer_375ml.jpg"
          },
          {
            "image_urls": [
              "https://www.edeka24.de/out/pictures/generated/product/1/224_224_90/bio_rettergut_kartoffelsuppe_mit_lauch_375_ml.jpg"
            ],
            "ItemTitle": "Rettergut Bio Kartoffelsuppe mit Lauch 375ML",
            "ItemPrice": "3,49€",
            "ItemUnit": "9,31€/l",
            "local_image_path": "Bio-Produkte/Bio Marken/bio_rettergut_kartoffelsuppe_mit_lauch_375_ml.jpg"
          },
          {
            "image_urls": [
              "https://www.edeka24.de/out/pictures/generated/product/1/224_224_90/bio_rettergut_krbissuppe_mit_kokos_375_ml.jpg"
            ],
            "ItemTitle": "Rettergut Bio Kürbissuppe mit Kokos 375ML",
            "ItemPrice": "3,49€",
            "ItemUnit": "9,31€/l",
            "local_image_path": "Lebensmittel/Fertiggerichte/bio_rettergut_krbissuppe_mit_kokos_375_ml.jpg"
          },
          {
            "image_urls": [
              "https://www.edeka24.de/out/pictures/generated/product/1/224_224_90/rettergut_mixschokolade_tafel_80g.jpg"
            ],
            "ItemTitle": "Rettergut Mixschokolade Tafel 80G",
            "ItemPrice": "1,09€",
            "ItemUnit": "13,63€/kg",
            "local_image_path": "Bio-Produkte/Bio Marken/rettergut_mixschokolade_tafel_80g.jpg"
          },
          {
            "image_urls": [
              "https://www.edeka24.de/out/pictures/generated/product/1/224_224_90/rigoni_di_asiago_bio_nocciolata_nussnougataufstrich_270g.jpg"
            ],
            "ItemTitle": "Rigoni di Asiago Bio Nocciolata Nuss-Nougat-Aufstrich 270G",
            "ItemPrice": "5,79€",
            "ItemUnit": "21,44€/kg",
            "local_image_path": "Bio-Produkte/Bio Marken/rigoni_di_asiago_bio_nocciolata_nussnougataufstrich_270g.jpg"
          },
          {
            "image_urls": [
              "https://www.edeka24.de/out/pictures/generated/product/1/224_224_90/rorax_rohrfrei_bio_power_gel_1l.jpg"
            ],
            "ItemTitle": "Rorax Rohrfrei Bio Power Gel 1L",
            "ItemPrice": "3,49€",
            "ItemUnit": "3,49€/l",
            "local_image_path": "Bio-Produkte/Bio Marken/rorax_rohrfrei_bio_power_gel_1l.jpg"
          },
          {
            "image_urls": [
              "https://www.edeka24.de/out/pictures/generated/product/1/224_224_90/rsslerhofhanfl.jpg"
            ],
            "ItemTitle": "Rösslerhof Bio Hanf-Öl 250ML",
            "ItemPrice": "9,99€",
            "ItemUnit": "39,96€/l",
            "local_image_path": "Bio-Produkte/Bio Marken/rsslerhofhanfl.jpg"
          },
          {
            "image_urls": [
              "https://www.edeka24.de/out/pictures/generated/product/1/224_224_90/bio_swh_landjaeger_2x75g.jpg"
            ],
            "ItemTitle": "Schwarzwaldhof Bio Landjäger 150G",
            "ItemPrice": "3,79€",
            "ItemUnit": "25,27€/kg",
            "local_image_path": "Lebensmittel/Konserven/bio_swh_landjaeger_2x75g.jpg"
          },
          {
            "image_urls": [
              "https://www.edeka24.de/out/pictures/generated/product/1/224_224_90/slendier_bio_fettuccine_style_vegan.jpg"
            ],
            "ItemTitle": "Slendier Bio Fettuccine Style 400G",
            "ItemPrice": "3,29€",
            "ItemUnit": "13,16€/kg",
            "local_image_path": "Lebensmittel/Beilagen/slendier_bio_fettuccine_style_vegan.jpg"
          },
          {
            "image_urls": [
              "https://www.edeka24.de/out/pictures/generated/product/1/224_224_90/slendier_bio_rice_style_vegan_400_g.jpg"
            ],
            "ItemTitle": "Slendier Bio Rice Style 400G",
            "ItemPrice": "3,29€",
            "ItemUnit": "8,23€/kg",
            "local_image_path": "Lebensmittel/Beilagen/slendier_bio_rice_style_vegan_400_g.jpg"
          },
          {
            "image_urls": [
              "https://www.edeka24.de/out/pictures/generated/product/1/224_224_90/solianocabsauv.jpg"
            ],
            "ItemTitle": "Soliano Bio Cabernet Sauvignon DOC 0,75L",
            "ItemPrice": "7,49€",
            "ItemUnit": "9,99€/l",
            "local_image_path": "Bio-Produkte/Bio Marken/solianocabsauv.jpg"
          },
          {
            "image_urls": [
              "https://www.edeka24.de/out/pictures/generated/product/1/224_224_90/sommer_demeter_vollkornzwieback.jpg"
            ],
            "ItemTitle": "Sommer Demeter Vollkorn-Zwieback 200G",
            "ItemPrice": "2,29€",
            "ItemUnit": "11,45€/kg",
            "local_image_path": "Bio-Produkte/Bio Marken/sommer_demeter_vollkornzwieback.jpg"
          },
          {
            "image_urls": [
              "https://www.edeka24.de/out/pictures/generated/product/1/224_224_90/steck_bio_senf_mittelscharf_100_ml.jpg"
            ],
            "ItemTitle": "Steck Bio Senf mittelscharf 100ML",
            "ItemPrice": "1,99€",
            "ItemUnit": "19,90€/l",
            "local_image_path": "Bio-Produkte/Bio Marken/steck_bio_senf_mittelscharf_100_ml.jpg"
          },
          {
            "image_urls": [
              "https://www.edeka24.de/out/pictures/generated/product/1/224_224_90/symbiosegbtrock.jpg"
            ],
            "ItemTitle": "Symbiose Bioland Grauburgunder trocken QW 0,75L",
            "ItemPrice": "7,99€",
            "ItemUnit": "10,65€/l",
            "local_image_path": "Bio-Produkte/Bio Marken/symbiosegbtrock.jpg"
          },
          {
            "image_urls": [
              "https://www.edeka24.de/out/pictures/generated/product/1/224_224_90/bio_teefee_framp252chtetee_himbeere_20st_30g.jpg"
            ],
            "ItemTitle": "Teefee Bio Früchtetee Himbeere 20ST 30G",
            "ItemPrice": "3,89€",
            "ItemUnit": "129,67€/kg",
            "local_image_path": "Lebensmittel/Kaffee & Tee/bio_teefee_framp252chtetee_himbeere_20st_30g.jpg"
          },
          {
            "image_urls": [
              "https://www.edeka24.de/out/pictures/generated/product/1/224_224_90/ti_gramp252ner_teeampampmango_1l_dpg.jpg"
            ],
            "ItemTitle": "Ti Bio Grüner Tee & Mango 1L",
            "ItemPrice": "1,69€",
            "ItemUnit": "1,69€/lzzgl.0,25€Pfand",
            "local_image_path": "Lebensmittel/Getränke/ti_gramp252ner_teeampampmango_1l_dpg.jpg"
          },
          {
            "image_urls": [
              "https://www.edeka24.de/out/pictures/generated/product/1/224_224_90/ti_pfefferminzeampampbrombeere_1l_dpg.jpg"
            ],
            "ItemTitle": "Ti Bio Pfefferminze & Brombeere 1L",
            "ItemPrice": "1,69€",
            "ItemUnit": "1,69€/lzzgl.0,25€Pfand",
            "local_image_path": "Lebensmittel/Getränke/ti_pfefferminzeampampbrombeere_1l_dpg.jpg"
          },
          {
            "image_urls": [
              "https://www.edeka24.de/out/pictures/generated/product/1/224_224_90/bio_unsere_heimat_nl_bierwurst_200g.jpg"
            ],
            "ItemTitle": "Unsere Heimat Bio Bierwurst 200G",
            "ItemPrice": "3,99€",
            "ItemUnit": "19,95€/kg",
            "local_image_path": "Bio-Produkte/Bio Marken/bio_unsere_heimat_nl_bierwurst_200g.jpg"
          },
          {
            "image_urls": [
              "https://www.edeka24.de/out/pictures/generated/product/1/224_224_90/bio_unsere_heimat_bratwurst_200g.jpg"
            ],
            "ItemTitle": "Unsere Heimat Bio-Bratwurst 200G",
            "ItemPrice": "3,99€",
            "ItemUnit": "19,95€/kg",
            "local_image_path": "Bio-Produkte/Bio Marken/bio_unsere_heimat_bratwurst_200g.jpg"
          },
          {
            "image_urls": [
              "https://www.edeka24.de/out/pictures/generated/product/1/224_224_90/uhbiolebenswurst.jpg"
            ],
            "ItemTitle": "Unsere Heimat Bio-Leberwurst 200G",
            "ItemPrice": "3,99€",
            "ItemUnit": "19,95€/kg",
            "local_image_path": "Lebensmittel/Konserven/uhbiolebenswurst.jpg"
          },
          {
            "image_urls": [
              "https://www.edeka24.de/out/pictures/generated/product/1/224_224_90/bioland_unsere_heimat_blamp252tenhonig_500g.jpg"
            ],
            "ItemTitle": "Unsere Heimat Bioland Blütenhonig 500G",
            "ItemPrice": "9,49€",
            "ItemUnit": "18,98€/kg",
            "local_image_path": "Bio-Produkte/Bio Marken/bioland_unsere_heimat_blamp252tenhonig_500g.jpg"
          },
          {
            "image_urls": [
              "https://www.edeka24.de/out/pictures/generated/product/1/224_224_90/unverpacktcashews.jpg"
            ],
            "ItemTitle": "Unverpackt Bio Cashewkerne 280G",
            "ItemPrice": "6,99€",
            "ItemUnit": "24,96€/kgzzgl.0,15€Pfand",
            "local_image_path": "Bio-Produkte/Bio Marken/unverpacktcashews.jpg"
          },
          {
            "image_urls": [
              "https://www.edeka24.de/out/pictures/generated/product/1/224_224_90/unverpacktdatteln.jpg"
            ],
            "ItemTitle": "Unverpackt Bio Datteln ohne Stein 330G",
            "ItemPrice": "5,29€",
            "ItemUnit": "16,03€/kgzzgl.0,15€Pfand",
            "local_image_path": "Bio-Produkte/Bio Marken/unverpacktdatteln.jpg"
          },
          {
            "image_urls": [
              "https://www.edeka24.de/out/pictures/generated/product/1/224_224_90/unverpacktkrbiskerne.jpg"
            ],
            "ItemTitle": "Unverpackt Bio Demeter Kürbiskerne 300G",
            "ItemSalePrice": "7,00€",
            "ItemUnit": "23,33€/kgzzgl.0,15€Pfand",
            "local_image_path": "Lebensmittel/Beilagen/unverpacktkrbiskerne.jpg"
          },
          {
            "image_urls": [
              "https://www.edeka24.de/out/pictures/generated/product/1/224_224_90/unverpacktfeigen.jpg"
            ],
            "ItemTitle": "Unverpackt Bio Feigen 300G",
            "ItemSalePrice": "4,49€",
            "ItemUnit": "14,97€/kgzzgl.0,15€Pfand",
            "local_image_path": "Bio-Produkte/Bio Marken/unverpacktfeigen.jpg"
          },
          {
            "image_urls": [
              "https://www.edeka24.de/out/pictures/generated/product/1/224_224_90/bio_red_bull_black_orange_025l_dpg.jpg"
            ],
            "ItemTitle": "Red Bull Bio Organics Black Orange 250ML",
            "ItemPrice": "1,29€",
            "ItemUnit": "5,16€/lzzgl.0,25€Pfand",
            "local_image_path": "Bio-Produkte/Bio Marken/bio_red_bull_black_orange_025l_dpg.jpg"
          },
          {
            "image_urls": [
              "https://www.edeka24.de/out/pictures/generated/product/1/224_224_90/red_bull_bio_organics_simply_cola_025l.jpg"
            ],
            "ItemTitle": "Red Bull Bio Organics Simply Cola 250ML",
            "ItemPrice": "1,29€",
            "ItemUnit": "5,16€/lzzgl.0,25€Pfand",
            "local_image_path": "Lebensmittel/Getränke/red_bull_bio_organics_simply_cola_025l.jpg"
          },
          {
            "image_urls": [
              "https://www.edeka24.de/out/pictures/generated/product/1/224_224_90/rettergutpappik.jpg"
            ],
            "ItemTitle": "Rettergut Bio Aufstrich Paprika Pikant 135G",
            "ItemPrice": "2,89€",
            "ItemUnit": "21,41€/kg",
            "local_image_path": "Bio-Produkte/Bio Marken/rettergutpappik.jpg"
          },
          {
            "image_urls": [
              "https://www.edeka24.de/out/pictures/generated/product/1/224_224_90/retterguttom-kru.jpg"
            ],
            "ItemTitle": "Rettergut Bio Aufstrich Tomate & Kräuter 135G",
            "ItemPrice": "2,89€",
            "ItemUnit": "21,41€/kg",
            "local_image_path": "Bio-Produkte/Bio Marken/retterguttom-kru.jpg"
          },
          {
            "image_urls": [
              "https://www.edeka24.de/out/pictures/generated/product/1/224_224_90/rettergutrobeemeerr.jpg"
            ],
            "ItemTitle": "Rettergut Bio Brotaufstrich Rote Beete & Meerrettich 135G",
            "ItemPrice": "2,89€",
            "ItemUnit": "21,41€/kg",
            "local_image_path": "Bio-Produkte/Bio Marken/rettergutrobeemeerr.jpg"
          },
          {
            "image_urls": [
              "https://www.edeka24.de/out/pictures/generated/product/1/224_224_90/bio_rettergut_karottensuppe_mit_ingwer_375ml.jpg"
            ],
            "ItemTitle": "Rettergut Bio Karottensuppe mit Ingwer 375ML",
            "ItemPrice": "3,49€",
            "ItemUnit": "9,31€/l",
            "local_image_path": "Lebensmittel/Fertiggerichte/bio_rettergut_karottensuppe_mit_ingwer_375ml.jpg"
          },
          {
            "image_urls": [
              "https://www.edeka24.de/out/pictures/generated/product/1/224_224_90/bio_rettergut_kartoffelsuppe_mit_lauch_375_ml.jpg"
            ],
            "ItemTitle": "Rettergut Bio Kartoffelsuppe mit Lauch 375ML",
            "ItemPrice": "3,49€",
            "ItemUnit": "9,31€/l",
            "local_image_path": "Bio-Produkte/Bio Marken/bio_rettergut_kartoffelsuppe_mit_lauch_375_ml.jpg"
          },
          {
            "image_urls": [
              "https://www.edeka24.de/out/pictures/generated/product/1/224_224_90/bio_rettergut_krbissuppe_mit_kokos_375_ml.jpg"
            ],
            "ItemTitle": "Rettergut Bio Kürbissuppe mit Kokos 375ML",
            "ItemPrice": "3,49€",
            "ItemUnit": "9,31€/l",
            "local_image_path": "Lebensmittel/Fertiggerichte/bio_rettergut_krbissuppe_mit_kokos_375_ml.jpg"
          },
          {
            "image_urls": [
              "https://www.edeka24.de/out/pictures/generated/product/1/224_224_90/rettergut_mixschokolade_tafel_80g.jpg"
            ],
            "ItemTitle": "Rettergut Mixschokolade Tafel 80G",
            "ItemPrice": "1,09€",
            "ItemUnit": "13,63€/kg",
            "local_image_path": "Bio-Produkte/Bio Marken/rettergut_mixschokolade_tafel_80g.jpg"
          },
          {
            "image_urls": [
              "https://www.edeka24.de/out/pictures/generated/product/1/224_224_90/rigoni_di_asiago_bio_nocciolata_nussnougataufstrich_270g.jpg"
            ],
            "ItemTitle": "Rigoni di Asiago Bio Nocciolata Nuss-Nougat-Aufstrich 270G",
            "ItemPrice": "5,79€",
            "ItemUnit": "21,44€/kg",
            "local_image_path": "Bio-Produkte/Bio Marken/rigoni_di_asiago_bio_nocciolata_nussnougataufstrich_270g.jpg"
          },
          {
            "image_urls": [
              "https://www.edeka24.de/out/pictures/generated/product/1/224_224_90/rorax_rohrfrei_bio_power_gel_1l.jpg"
            ],
            "ItemTitle": "Rorax Rohrfrei Bio Power Gel 1L",
            "ItemPrice": "3,49€",
            "ItemUnit": "3,49€/l",
            "local_image_path": "Bio-Produkte/Bio Marken/rorax_rohrfrei_bio_power_gel_1l.jpg"
          },
          {
            "image_urls": [
              "https://www.edeka24.de/out/pictures/generated/product/1/224_224_90/rsslerhofhanfl.jpg"
            ],
            "ItemTitle": "Rösslerhof Bio Hanf-Öl 250ML",
            "ItemPrice": "9,99€",
            "ItemUnit": "39,96€/l",
            "local_image_path": "Bio-Produkte/Bio Marken/rsslerhofhanfl.jpg"
          },
          {
            "image_urls": [
              "https://www.edeka24.de/out/pictures/generated/product/1/224_224_90/bio_swh_landjaeger_2x75g.jpg"
            ],
            "ItemTitle": "Schwarzwaldhof Bio Landjäger 150G",
            "ItemPrice": "3,79€",
            "ItemUnit": "25,27€/kg",
            "local_image_path": "Lebensmittel/Konserven/bio_swh_landjaeger_2x75g.jpg"
          },
          {
            "image_urls": [
              "https://www.edeka24.de/out/pictures/generated/product/1/224_224_90/slendier_bio_fettuccine_style_vegan.jpg"
            ],
            "ItemTitle": "Slendier Bio Fettuccine Style 400G",
            "ItemPrice": "3,29€",
            "ItemUnit": "13,16€/kg",
            "local_image_path": "Lebensmittel/Beilagen/slendier_bio_fettuccine_style_vegan.jpg"
          },
          {
            "image_urls": [
              "https://www.edeka24.de/out/pictures/generated/product/1/224_224_90/slendier_bio_rice_style_vegan_400_g.jpg"
            ],
            "ItemTitle": "Slendier Bio Rice Style 400G",
            "ItemPrice": "3,29€",
            "ItemUnit": "8,23€/kg",
            "local_image_path": "Lebensmittel/Beilagen/slendier_bio_rice_style_vegan_400_g.jpg"
          },
          {
            "image_urls": [
              "https://www.edeka24.de/out/pictures/generated/product/1/224_224_90/solianocabsauv.jpg"
            ],
            "ItemTitle": "Soliano Bio Cabernet Sauvignon DOC 0,75L",
            "ItemPrice": "7,49€",
            "ItemUnit": "9,99€/l",
            "local_image_path": "Bio-Produkte/Bio Marken/solianocabsauv.jpg"
          },
          {
            "image_urls": [
              "https://www.edeka24.de/out/pictures/generated/product/1/224_224_90/sommer_demeter_vollkornzwieback.jpg"
            ],
            "ItemTitle": "Sommer Demeter Vollkorn-Zwieback 200G",
            "ItemPrice": "2,29€",
            "ItemUnit": "11,45€/kg",
            "local_image_path": "Bio-Produkte/Bio Marken/sommer_demeter_vollkornzwieback.jpg"
          },
          {
            "image_urls": [
              "https://www.edeka24.de/out/pictures/generated/product/1/224_224_90/steck_bio_senf_mittelscharf_100_ml.jpg"
            ],
            "ItemTitle": "Steck Bio Senf mittelscharf 100ML",
            "ItemPrice": "1,99€",
            "ItemUnit": "19,90€/l",
            "local_image_path": "Bio-Produkte/Bio Marken/steck_bio_senf_mittelscharf_100_ml.jpg"
          },
          {
            "image_urls": [
              "https://www.edeka24.de/out/pictures/generated/product/1/224_224_90/symbiosegbtrock.jpg"
            ],
            "ItemTitle": "Symbiose Bioland Grauburgunder trocken QW 0,75L",
            "ItemPrice": "7,99€",
            "ItemUnit": "10,65€/l",
            "local_image_path": "Bio-Produkte/Bio Marken/symbiosegbtrock.jpg"
          },
          {
            "image_urls": [
              "https://www.edeka24.de/out/pictures/generated/product/1/224_224_90/bio_teefee_framp252chtetee_himbeere_20st_30g.jpg"
            ],
            "ItemTitle": "Teefee Bio Früchtetee Himbeere 20ST 30G",
            "ItemPrice": "3,89€",
            "ItemUnit": "129,67€/kg",
            "local_image_path": "Lebensmittel/Kaffee & Tee/bio_teefee_framp252chtetee_himbeere_20st_30g.jpg"
          },
          {
            "image_urls": [
              "https://www.edeka24.de/out/pictures/generated/product/1/224_224_90/ti_gramp252ner_teeampampmango_1l_dpg.jpg"
            ],
            "ItemTitle": "Ti Bio Grüner Tee & Mango 1L",
            "ItemPrice": "1,69€",
            "ItemUnit": "1,69€/lzzgl.0,25€Pfand",
            "local_image_path": "Lebensmittel/Getränke/ti_gramp252ner_teeampampmango_1l_dpg.jpg"
          },
          {
            "image_urls": [
              "https://www.edeka24.de/out/pictures/generated/product/1/224_224_90/ti_pfefferminzeampampbrombeere_1l_dpg.jpg"
            ],
            "ItemTitle": "Ti Bio Pfefferminze & Brombeere 1L",
            "ItemPrice": "1,69€",
            "ItemUnit": "1,69€/lzzgl.0,25€Pfand",
            "local_image_path": "Lebensmittel/Getränke/ti_pfefferminzeampampbrombeere_1l_dpg.jpg"
          },
          {
            "image_urls": [
              "https://www.edeka24.de/out/pictures/generated/product/1/224_224_90/bio_unsere_heimat_nl_bierwurst_200g.jpg"
            ],
            "ItemTitle": "Unsere Heimat Bio Bierwurst 200G",
            "ItemPrice": "3,99€",
            "ItemUnit": "19,95€/kg",
            "local_image_path": "Bio-Produkte/Bio Marken/bio_unsere_heimat_nl_bierwurst_200g.jpg"
          },
          {
            "image_urls": [
              "https://www.edeka24.de/out/pictures/generated/product/1/224_224_90/bio_unsere_heimat_bratwurst_200g.jpg"
            ],
            "ItemTitle": "Unsere Heimat Bio-Bratwurst 200G",
            "ItemPrice": "3,99€",
            "ItemUnit": "19,95€/kg",
            "local_image_path": "Bio-Produkte/Bio Marken/bio_unsere_heimat_bratwurst_200g.jpg"
          },
          {
            "image_urls": [
              "https://www.edeka24.de/out/pictures/generated/product/1/224_224_90/uhbiolebenswurst.jpg"
            ],
            "ItemTitle": "Unsere Heimat Bio-Leberwurst 200G",
            "ItemPrice": "3,99€",
            "ItemUnit": "19,95€/kg",
            "local_image_path": "Lebensmittel/Konserven/uhbiolebenswurst.jpg"
          },
          {
            "image_urls": [
              "https://www.edeka24.de/out/pictures/generated/product/1/224_224_90/bioland_unsere_heimat_blamp252tenhonig_500g.jpg"
            ],
            "ItemTitle": "Unsere Heimat Bioland Blütenhonig 500G",
            "ItemPrice": "9,49€",
            "ItemUnit": "18,98€/kg",
            "local_image_path": "Bio-Produkte/Bio Marken/bioland_unsere_heimat_blamp252tenhonig_500g.jpg"
          },
          {
            "image_urls": [
              "https://www.edeka24.de/out/pictures/generated/product/1/224_224_90/unverpacktcashews.jpg"
            ],
            "ItemTitle": "Unverpackt Bio Cashewkerne 280G",
            "ItemPrice": "6,99€",
            "ItemUnit": "24,96€/kgzzgl.0,15€Pfand",
            "local_image_path": "Bio-Produkte/Bio Marken/unverpacktcashews.jpg"
          },
          {
            "image_urls": [
              "https://www.edeka24.de/out/pictures/generated/product/1/224_224_90/unverpacktdatteln.jpg"
            ],
            "ItemTitle": "Unverpackt Bio Datteln ohne Stein 330G",
            "ItemPrice": "5,29€",
            "ItemUnit": "16,03€/kgzzgl.0,15€Pfand",
            "local_image_path": "Bio-Produkte/Bio Marken/unverpacktdatteln.jpg"
          },
          {
            "image_urls": [
              "https://www.edeka24.de/out/pictures/generated/product/1/224_224_90/unverpacktkrbiskerne.jpg"
            ],
            "ItemTitle": "Unverpackt Bio Demeter Kürbiskerne 300G",
            "ItemSalePrice": "7,00€",
            "ItemUnit": "23,33€/kgzzgl.0,15€Pfand",
            "local_image_path": "Lebensmittel/Beilagen/unverpacktkrbiskerne.jpg"
          },
          {
            "image_urls": [
              "https://www.edeka24.de/out/pictures/generated/product/1/224_224_90/unverpacktfeigen.jpg"
            ],
            "ItemTitle": "Unverpackt Bio Feigen 300G",
            "ItemSalePrice": "4,49€",
            "ItemUnit": "14,97€/kgzzgl.0,15€Pfand",
            "local_image_path": "Bio-Produkte/Bio Marken/unverpacktfeigen.jpg"
          },
          {
            "image_urls": [
              "https://www.edeka24.de/out/pictures/generated/product/1/224_224_90/bio_alnavit_buchweizenbrot_mit_sesam_250g.jpg"
            ],
            "ItemTitle": "Alnavit Bio Buchweizenbrot 250G",
            "ItemPrice": "3,49€",
            "ItemUnit": "13,96€/kg",
            "local_image_path": "Bio-Produkte/Bio Marken/bio_alnavit_buchweizenbrot_mit_sesam_250g.jpg"
          },
          {
            "image_urls": [
              "https://www.edeka24.de/out/pictures/generated/product/1/224_224_90/bio_alnavit_chia_quinoa_bramp246tchen_125g.jpg"
            ],
            "ItemTitle": "Alnavit Bio Chia Quinoa Brötchen 125G",
            "ItemPrice": "2,49€",
            "ItemUnit": "19,92€/kg",
            "local_image_path": "Bio-Produkte/Bio Marken/bio_alnavit_chia_quinoa_bramp246tchen_125g.jpg"
          },
          {
            "image_urls": [
              "https://www.edeka24.de/out/pictures/generated/product/1/224_224_90/bio_alnavit_gnocchi_mit_quinoa_250g.jpg"
            ],
            "ItemTitle": "Alnavit Bio Gnocchi mit Quinoa 250G",
            "ItemPrice": "2,79€",
            "ItemUnit": "11,16€/kg",
            "local_image_path": "Bio-Produkte/Bio Marken/bio_alnavit_gnocchi_mit_quinoa_250g.jpg"
          },
          {
            "image_urls": [
              "https://www.edeka24.de/out/pictures/generated/product/1/224_224_90/bio_alnavit_hafer_riegel_erdnuss_50g.jpg"
            ],
            "ItemTitle": "Alnavit Bio Hafer Riegel Erdnuss 50G",
            "ItemPrice": "1,59€",
            "ItemUnit": "31,80€/kg",
            "local_image_path": "Bio-Produkte/Bio Marken/bio_alnavit_hafer_riegel_erdnuss_50g.jpg"
          },
          {
            "image_urls": [
              "https://www.edeka24.de/out/pictures/generated/product/1/224_224_90/bio_alnavit_helle_bramp246tchen_125g.jpg"
            ],
            "ItemTitle": "Alnavit Bio Helle Brötchen 125G",
            "ItemPrice": "1,89€",
            "ItemUnit": "15,12€/kg",
            "local_image_path": "Bio-Produkte/Bio Marken/bio_alnavit_helle_bramp246tchen_125g.jpg"
          },
          {
            "image_urls": [
              "https://www.edeka24.de/out/pictures/generated/product/1/224_224_90/bio_alnavit_schoko_cookies_125g.jpg"
            ],
            "ItemTitle": "Alnavit Bio Schoko Cookies 125G",
            "ItemPrice": "2,69€",
            "ItemUnit": "21,52€/kg",
            "local_image_path": "Bio-Produkte/Bio Marken/bio_alnavit_schoko_cookies_125g.jpg"
          },
          {
            "image_urls": [
              "https://www.edeka24.de/out/pictures/generated/product/1/224_224_90/bio_alnavit_vollkorn_penne_250g.jpg"
            ],
            "ItemTitle": "Alnavit Bio Vollkorn Penne 250G",
            "ItemPrice": "2,29€",
            "ItemUnit": "9,16€/kg",
            "local_image_path": "Bio-Produkte/Bio Marken/bio_alnavit_vollkorn_penne_250g.jpg"
          },
          {
            "image_urls": [
              "https://www.edeka24.de/out/pictures/generated/product/1/224_224_90/montaltocataratto.jpg"
            ],
            "ItemTitle": "Barone Montalto Bio Catarratto 0,75L",
            "ItemPrice": "6,29€",
            "ItemUnit": "8,39€/l",
            "local_image_path": "Bio-Produkte/Bio Marken/montaltocataratto.jpg"
          },
          {
            "image_urls": [
              "https://www.edeka24.de/out/pictures/generated/product/1/224_224_90/montaltonerodavola.jpg"
            ],
            "ItemTitle": "Barone Montalto Bio Nero D'Avola 0,75L",
            "ItemPrice": "6,29€",
            "ItemUnit": "8,39€/l",
            "local_image_path": "Bio-Produkte/Bio Marken/montaltonerodavola.jpg"
          },
          {
            "image_urls": [
              "https://www.edeka24.de/out/pictures/generated/product/1/224_224_90/montaltonerodavolarosato.jpg"
            ],
            "ItemTitle": "Barone Montalto Bio Nero D'Avola Rosato 0,75L",
            "ItemPrice": "6,29€",
            "ItemUnit": "8,39€/l",
            "local_image_path": "Bio-Produkte/Bio Marken/montaltonerodavolarosato.jpg"
          },
          {
            "image_urls": [
              "https://www.edeka24.de/out/pictures/generated/product/1/224_224_90/bio_bauckhof_falafel_curry_kokos_glutenfrei_160g.jpg"
            ],
            "ItemTitle": "Bauckhof Bio Curry-Kokos Falafel 160G",
            "ItemPrice": "2,79€",
            "ItemUnit": "17,44€/kg",
            "local_image_path": "Bio-Produkte/Bio Marken/bio_bauckhof_falafel_curry_kokos_glutenfrei_160g.jpg"
          },
          {
            "image_urls": [
              "https://www.edeka24.de/out/pictures/generated/product/1/224_224_90/bauckhofbeerenmsli.jpg"
            ],
            "ItemTitle": "Bauckhof Bio glutenfreies Beerenmüsli Hafer 425G",
            "ItemPrice": "4,79€",
            "ItemUnit": "11,27€/kg",
            "local_image_path": "Bio-Produkte/Bio Marken/bauckhofbeerenmsli.jpg"
          },
          {
            "image_urls": [
              "https://www.edeka24.de/out/pictures/generated/product/1/224_224_90/bio_bauckhof_schnellbrot_backmischung_500g.jpg"
            ],
            "ItemTitle": "Bauckhof Bio glutenfreies Schnellbrot mit Brotgewürz Backmischung  500G",
            "ItemPrice": "4,79€",
            "ItemUnit": "9,58€/kg",
            "local_image_path": "Bio-Produkte/Bio Marken/bio_bauckhof_schnellbrot_backmischung_500g.jpg"
          },
          {
            "image_urls": [
              "https://www.edeka24.de/out/pictures/generated/product/1/224_224_90/bio_bauckhof_schwarzbrot_glutenfrei_500g.jpg"
            ],
            "ItemTitle": "Bauckhof Bio glutenfreies Schwarzbrot Backmischung 500G",
            "ItemPrice": "4,29€",
            "ItemUnit": "8,58€/kg",
            "local_image_path": "Bio-Produkte/Bio Marken/bio_bauckhof_schwarzbrot_glutenfrei_500g.jpg"
          },
          {
            "image_urls": [
              "https://www.edeka24.de/out/pictures/generated/product/1/224_224_90/bauckhofhothirse.jpg"
            ],
            "ItemTitle": "Bauckhof Bio Hirse-Buchweizenbrei Hot Hirse Morgengold ungesüßt glutenfrei 400G",
            "ItemPrice": "5,79€",
            "ItemUnit": "14,48€/kg",
            "local_image_path": "Bio-Produkte/Bio Marken/bauckhofhothirse.jpg"
          },
          {
            "image_urls": [
              "https://www.edeka24.de/out/pictures/generated/product/1/224_224_90/bauckhof_bio_wunderbrod_backmischung_600g.jpg"
            ],
            "ItemTitle": "Bauckhof Bio Wunderbrod Backmischung 600G",
            "ItemPrice": "4,79€",
            "ItemUnit": "7,98€/kg",
            "local_image_path": "Bio-Produkte/Bio Marken/bauckhof_bio_wunderbrod_backmischung_600g.jpg"
          },
          {
            "image_urls": [
              "https://www.edeka24.de/out/pictures/generated/product/1/224_224_90/bauckhof6-kornbrot.jpg"
            ],
            "ItemTitle": "Bauckhof Demeter Bio 6-Korn Brot Backmischung 500G",
            "ItemPrice": "3,29€",
            "ItemUnit": "6,58€/kg",
            "local_image_path": "Bio-Produkte/Bio Marken/bauckhof6-kornbrot.jpg"
          },
          {
            "image_urls": [
              "https://www.edeka24.de/out/pictures/generated/product/1/224_224_90/demeter_bauckhof_backmischung_bauernbrot_vollkorn_500g.jpg"
            ],
            "ItemTitle": "Bauckhof Demeter Bio Bauernbrot Vollkorn Backmischung 500G",
            "ItemPrice": "2,49€",
            "ItemUnit": "4,98€/kg",
            "local_image_path": "Bio-Produkte/Bio Marken/demeter_bauckhof_backmischung_bauernbrot_vollkorn_500g.jpg"
          },
          {
            "image_urls": [
              "https://www.edeka24.de/out/pictures/generated/product/1/224_224_90/bauckhofdinkelbrot.jpg"
            ],
            "ItemTitle": "Bauckhof Demeter Bio Dinkelbrot Backmichung Vollkorn 500G",
            "ItemPrice": "3,29€",
            "ItemUnit": "6,58€/kg",
            "local_image_path": "Bio-Produkte/Bio Marken/bauckhofdinkelbrot.jpg"
          },
          {
            "image_urls": [
              "https://www.edeka24.de/out/pictures/generated/product/1/224_224_90/bauckhofhothafer.jpg"
            ],
            "ItemTitle": "Bauckhof Demeter Bio Haferbrei Hot Hafer Basis ungesüßt glutenfrei 400G",
            "ItemPrice": "3,49€",
            "ItemUnit": "8,73€/kg",
            "local_image_path": "Bio-Produkte/Bio Marken/bauckhofhothafer.jpg"
          },
          {
            "image_urls": [
              "https://www.edeka24.de/out/pictures/generated/product/1/224_224_90/demeter_bauckhof_haferflocken_groamp223blatt_500g.jpg"
            ],
            "ItemTitle": "Bauckhof Demeter Bio Haferflocken Großblatt 500G",
            "ItemPrice": "2,69€",
            "ItemUnit": "5,38€/kg",
            "local_image_path": "Bio-Produkte/Bio Marken/demeter_bauckhof_haferflocken_groamp223blatt_500g.jpg"
          },
          {
            "image_urls": [
              "https://www.edeka24.de/out/pictures/generated/product/1/224_224_90/demeter_bauckhof_haferflocken_kleinblatt_500g.jpg"
            ],
            "ItemTitle": "Bauckhof Demeter Bio Haferflocken Kleinblatt 500G",
            "ItemPrice": "2,69€",
            "ItemUnit": "5,38€/kg",
            "local_image_path": "Bio-Produkte/Bio Marken/demeter_bauckhof_haferflocken_kleinblatt_500g.jpg"
          },
          {
            "image_urls": [
              "https://www.edeka24.de/out/pictures/generated/product/1/224_224_90/demeter_bauckhof_haferflocken_zartblatt_425g.jpg"
            ],
            "ItemTitle": "Bauckhof Demeter Bio Haferflocken Zartblatt 425G",
            "ItemPrice": "2,69€",
            "ItemUnit": "6,33€/kg",
            "local_image_path": "Bio-Produkte/Bio Marken/demeter_bauckhof_haferflocken_zartblatt_425g.jpg"
          },
          {
            "image_urls": [
              "https://www.edeka24.de/out/pictures/generated/product/1/224_224_90/bauckhoffrchtetraumhafer.jpg"
            ],
            "ItemTitle": "Bauckhof Demeter Bio Müzli Früchtetraum Hafer ungesüßt 425G",
            "ItemPrice": "4,49€",
            "ItemUnit": "10,56€/kg",
            "local_image_path": "Bio-Produkte/Bio Marken/bauckhoffrchtetraumhafer.jpg"
          },
          {
            "image_urls": [
              "https://www.edeka24.de/out/pictures/generated/product/1/224_224_90/bauckhofschokoknusperhafer.jpg"
            ],
            "ItemTitle": "Bauckhof Demeter Bio Müzli Schokoknusper Hafer 425G",
            "ItemPrice": "4,49€",
            "ItemUnit": "10,56€/kg",
            "local_image_path": "Bio-Produkte/Bio Marken/bauckhofschokoknusperhafer.jpg"
          },
          {
            "image_urls": [
              "https://www.edeka24.de/out/pictures/generated/product/1/224_224_90/echt_hllische_bio_bierschinken_200_g.jpg"
            ],
            "ItemTitle": "Bäuerliche Erzeugergemeinschaft Schwäbisch Hall Bio-Bierschinken 200G",
            "ItemPrice": "4,49€",
            "ItemUnit": "22,45€/kg",
            "local_image_path": "Bio-Produkte/Bio Marken/echt_hllische_bio_bierschinken_200_g.jpg"
          },
          {
            "image_urls": [
              "https://www.edeka24.de/out/pictures/generated/product/1/224_224_90/buerliche_erzeugergemeinschaft_schwbisch_hall_biobratwurst_200g.jpg"
            ],
            "ItemTitle": "Bäuerliche Erzeugergemeinschaft Schwäbisch Hall Bio-Bratwurst grob 200G",
            "ItemPrice": "4,49€",
            "ItemUnit": "22,45€/kg",
            "local_image_path": "Bio-Produkte/Bio Marken/buerliche_erzeugergemeinschaft_schwbisch_hall_biobratwurst_200g.jpg"
          },
          {
            "image_urls": [
              "https://www.edeka24.de/out/pictures/generated/product/1/224_224_90/echt_hllische_bio_gutsleberwurst_200_g(1).jpg"
            ],
            "ItemTitle": "Bäuerliche Erzeugergemeinschaft Schwäbisch Hall Bio-Gutsleberwurst 200G",
            "ItemPrice": "4,49€",
            "ItemUnit": "22,45€/kg",
            "local_image_path": "Bio-Produkte/Bio Marken/echt_hllische_bio_gutsleberwurst_200_g(1).jpg"
          },
          {
            "image_urls": [
              "https://www.edeka24.de/out/pictures/generated/product/1/224_224_90/beshbio-jagdwurst.jpg"
            ],
            "ItemTitle": "Bäuerliche Erzeugergemeinschaft Schwäbisch Hall Bio-Jagdwurst 200G",
            "ItemPrice": "4,49€",
            "ItemUnit": "22,45€/kg",
            "local_image_path": "Bio-Produkte/Bio Marken/beshbio-jagdwurst.jpg"
          },
          {
            "image_urls": [
              "https://www.edeka24.de/out/pictures/generated/product/1/224_224_90/echt_hllische_bio_leberwurst_200_g(1).jpg"
            ],
            "ItemTitle": "Bäuerliche Erzeugergemeinschaft Schwäbisch Hall Bio-Leberwurst 200G",
            "ItemPrice": "4,49€",
            "ItemUnit": "22,45€/kg",
            "local_image_path": "Bio-Produkte/Bio Marken/echt_hllische_bio_leberwurst_200_g(1).jpg"
          },
          {
            "image_urls": [
              "https://www.edeka24.de/out/pictures/generated/product/1/224_224_90/bio_alnavit_buchweizenbrot_mit_sesam_250g.jpg"
            ],
            "ItemTitle": "Alnavit Bio Buchweizenbrot 250G",
            "ItemPrice": "3,49€",
            "ItemUnit": "13,96€/kg",
            "local_image_path": "Bio-Produkte/Bio Marken/bio_alnavit_buchweizenbrot_mit_sesam_250g.jpg"
          },
          {
            "image_urls": [
              "https://www.edeka24.de/out/pictures/generated/product/1/224_224_90/bio_alnavit_chia_quinoa_bramp246tchen_125g.jpg"
            ],
            "ItemTitle": "Alnavit Bio Chia Quinoa Brötchen 125G",
            "ItemPrice": "2,49€",
            "ItemUnit": "19,92€/kg",
            "local_image_path": "Bio-Produkte/Bio Marken/bio_alnavit_chia_quinoa_bramp246tchen_125g.jpg"
          },
          {
            "image_urls": [
              "https://www.edeka24.de/out/pictures/generated/product/1/224_224_90/bio_alnavit_gnocchi_mit_quinoa_250g.jpg"
            ],
            "ItemTitle": "Alnavit Bio Gnocchi mit Quinoa 250G",
            "ItemPrice": "2,79€",
            "ItemUnit": "11,16€/kg",
            "local_image_path": "Bio-Produkte/Bio Marken/bio_alnavit_gnocchi_mit_quinoa_250g.jpg"
          },
          {
            "image_urls": [
              "https://www.edeka24.de/out/pictures/generated/product/1/224_224_90/bio_alnavit_hafer_riegel_erdnuss_50g.jpg"
            ],
            "ItemTitle": "Alnavit Bio Hafer Riegel Erdnuss 50G",
            "ItemPrice": "1,59€",
            "ItemUnit": "31,80€/kg",
            "local_image_path": "Bio-Produkte/Bio Marken/bio_alnavit_hafer_riegel_erdnuss_50g.jpg"
          },
          {
            "image_urls": [
              "https://www.edeka24.de/out/pictures/generated/product/1/224_224_90/bio_alnavit_helle_bramp246tchen_125g.jpg"
            ],
            "ItemTitle": "Alnavit Bio Helle Brötchen 125G",
            "ItemPrice": "1,89€",
            "ItemUnit": "15,12€/kg",
            "local_image_path": "Bio-Produkte/Bio Marken/bio_alnavit_helle_bramp246tchen_125g.jpg"
          },
          {
            "image_urls": [
              "https://www.edeka24.de/out/pictures/generated/product/1/224_224_90/bio_alnavit_schoko_cookies_125g.jpg"
            ],
            "ItemTitle": "Alnavit Bio Schoko Cookies 125G",
            "ItemPrice": "2,69€",
            "ItemUnit": "21,52€/kg",
            "local_image_path": "Bio-Produkte/Bio Marken/bio_alnavit_schoko_cookies_125g.jpg"
          },
          {
            "image_urls": [
              "https://www.edeka24.de/out/pictures/generated/product/1/224_224_90/bio_alnavit_vollkorn_penne_250g.jpg"
            ],
            "ItemTitle": "Alnavit Bio Vollkorn Penne 250G",
            "ItemPrice": "2,29€",
            "ItemUnit": "9,16€/kg",
            "local_image_path": "Bio-Produkte/Bio Marken/bio_alnavit_vollkorn_penne_250g.jpg"
          },
          {
            "image_urls": [
              "https://www.edeka24.de/out/pictures/generated/product/1/224_224_90/montaltocataratto.jpg"
            ],
            "ItemTitle": "Barone Montalto Bio Catarratto 0,75L",
            "ItemPrice": "6,29€",
            "ItemUnit": "8,39€/l",
            "local_image_path": "Bio-Produkte/Bio Marken/montaltocataratto.jpg"
          },
          {
            "image_urls": [
              "https://www.edeka24.de/out/pictures/generated/product/1/224_224_90/montaltonerodavola.jpg"
            ],
            "ItemTitle": "Barone Montalto Bio Nero D'Avola 0,75L",
            "ItemPrice": "6,29€",
            "ItemUnit": "8,39€/l",
            "local_image_path": "Bio-Produkte/Bio Marken/montaltonerodavola.jpg"
          },
          {
            "image_urls": [
              "https://www.edeka24.de/out/pictures/generated/product/1/224_224_90/montaltonerodavolarosato.jpg"
            ],
            "ItemTitle": "Barone Montalto Bio Nero D'Avola Rosato 0,75L",
            "ItemPrice": "6,29€",
            "ItemUnit": "8,39€/l",
            "local_image_path": "Bio-Produkte/Bio Marken/montaltonerodavolarosato.jpg"
          },
          {
            "image_urls": [
              "https://www.edeka24.de/out/pictures/generated/product/1/224_224_90/bio_bauckhof_falafel_curry_kokos_glutenfrei_160g.jpg"
            ],
            "ItemTitle": "Bauckhof Bio Curry-Kokos Falafel 160G",
            "ItemPrice": "2,79€",
            "ItemUnit": "17,44€/kg",
            "local_image_path": "Bio-Produkte/Bio Marken/bio_bauckhof_falafel_curry_kokos_glutenfrei_160g.jpg"
          },
          {
            "image_urls": [
              "https://www.edeka24.de/out/pictures/generated/product/1/224_224_90/bauckhofbeerenmsli.jpg"
            ],
            "ItemTitle": "Bauckhof Bio glutenfreies Beerenmüsli Hafer 425G",
            "ItemPrice": "4,79€",
            "ItemUnit": "11,27€/kg",
            "local_image_path": "Bio-Produkte/Bio Marken/bauckhofbeerenmsli.jpg"
          },
          {
            "image_urls": [
              "https://www.edeka24.de/out/pictures/generated/product/1/224_224_90/bio_bauckhof_schnellbrot_backmischung_500g.jpg"
            ],
            "ItemTitle": "Bauckhof Bio glutenfreies Schnellbrot mit Brotgewürz Backmischung  500G",
            "ItemPrice": "4,79€",
            "ItemUnit": "9,58€/kg",
            "local_image_path": "Bio-Produkte/Bio Marken/bio_bauckhof_schnellbrot_backmischung_500g.jpg"
          },
          {
            "image_urls": [
              "https://www.edeka24.de/out/pictures/generated/product/1/224_224_90/bio_bauckhof_schwarzbrot_glutenfrei_500g.jpg"
            ],
            "ItemTitle": "Bauckhof Bio glutenfreies Schwarzbrot Backmischung 500G",
            "ItemPrice": "4,29€",
            "ItemUnit": "8,58€/kg",
            "local_image_path": "Bio-Produkte/Bio Marken/bio_bauckhof_schwarzbrot_glutenfrei_500g.jpg"
          },
          {
            "image_urls": [
              "https://www.edeka24.de/out/pictures/generated/product/1/224_224_90/bauckhofhothirse.jpg"
            ],
            "ItemTitle": "Bauckhof Bio Hirse-Buchweizenbrei Hot Hirse Morgengold ungesüßt glutenfrei 400G",
            "ItemPrice": "5,79€",
            "ItemUnit": "14,48€/kg",
            "local_image_path": "Bio-Produkte/Bio Marken/bauckhofhothirse.jpg"
          },
          {
            "image_urls": [
              "https://www.edeka24.de/out/pictures/generated/product/1/224_224_90/bauckhof_bio_wunderbrod_backmischung_600g.jpg"
            ],
            "ItemTitle": "Bauckhof Bio Wunderbrod Backmischung 600G",
            "ItemPrice": "4,79€",
            "ItemUnit": "7,98€/kg",
            "local_image_path": "Bio-Produkte/Bio Marken/bauckhof_bio_wunderbrod_backmischung_600g.jpg"
          },
          {
            "image_urls": [
              "https://www.edeka24.de/out/pictures/generated/product/1/224_224_90/bauckhof6-kornbrot.jpg"
            ],
            "ItemTitle": "Bauckhof Demeter Bio 6-Korn Brot Backmischung 500G",
            "ItemPrice": "3,29€",
            "ItemUnit": "6,58€/kg",
            "local_image_path": "Bio-Produkte/Bio Marken/bauckhof6-kornbrot.jpg"
          },
          {
            "image_urls": [
              "https://www.edeka24.de/out/pictures/generated/product/1/224_224_90/demeter_bauckhof_backmischung_bauernbrot_vollkorn_500g.jpg"
            ],
            "ItemTitle": "Bauckhof Demeter Bio Bauernbrot Vollkorn Backmischung 500G",
            "ItemPrice": "2,49€",
            "ItemUnit": "4,98€/kg",
            "local_image_path": "Bio-Produkte/Bio Marken/demeter_bauckhof_backmischung_bauernbrot_vollkorn_500g.jpg"
          },
          {
            "image_urls": [
              "https://www.edeka24.de/out/pictures/generated/product/1/224_224_90/bauckhofdinkelbrot.jpg"
            ],
            "ItemTitle": "Bauckhof Demeter Bio Dinkelbrot Backmichung Vollkorn 500G",
            "ItemPrice": "3,29€",
            "ItemUnit": "6,58€/kg",
            "local_image_path": "Bio-Produkte/Bio Marken/bauckhofdinkelbrot.jpg"
          },
          {
            "image_urls": [
              "https://www.edeka24.de/out/pictures/generated/product/1/224_224_90/bauckhofhothafer.jpg"
            ],
            "ItemTitle": "Bauckhof Demeter Bio Haferbrei Hot Hafer Basis ungesüßt glutenfrei 400G",
            "ItemPrice": "3,49€",
            "ItemUnit": "8,73€/kg",
            "local_image_path": "Bio-Produkte/Bio Marken/bauckhofhothafer.jpg"
          },
          {
            "image_urls": [
              "https://www.edeka24.de/out/pictures/generated/product/1/224_224_90/demeter_bauckhof_haferflocken_groamp223blatt_500g.jpg"
            ],
            "ItemTitle": "Bauckhof Demeter Bio Haferflocken Großblatt 500G",
            "ItemPrice": "2,69€",
            "ItemUnit": "5,38€/kg",
            "local_image_path": "Bio-Produkte/Bio Marken/demeter_bauckhof_haferflocken_groamp223blatt_500g.jpg"
          },
          {
            "image_urls": [
              "https://www.edeka24.de/out/pictures/generated/product/1/224_224_90/demeter_bauckhof_haferflocken_kleinblatt_500g.jpg"
            ],
            "ItemTitle": "Bauckhof Demeter Bio Haferflocken Kleinblatt 500G",
            "ItemPrice": "2,69€",
            "ItemUnit": "5,38€/kg",
            "local_image_path": "Bio-Produkte/Bio Marken/demeter_bauckhof_haferflocken_kleinblatt_500g.jpg"
          },
          {
            "image_urls": [
              "https://www.edeka24.de/out/pictures/generated/product/1/224_224_90/demeter_bauckhof_haferflocken_zartblatt_425g.jpg"
            ],
            "ItemTitle": "Bauckhof Demeter Bio Haferflocken Zartblatt 425G",
            "ItemPrice": "2,69€",
            "ItemUnit": "6,33€/kg",
            "local_image_path": "Bio-Produkte/Bio Marken/demeter_bauckhof_haferflocken_zartblatt_425g.jpg"
          },
          {
            "image_urls": [
              "https://www.edeka24.de/out/pictures/generated/product/1/224_224_90/bauckhoffrchtetraumhafer.jpg"
            ],
            "ItemTitle": "Bauckhof Demeter Bio Müzli Früchtetraum Hafer ungesüßt 425G",
            "ItemPrice": "4,49€",
            "ItemUnit": "10,56€/kg",
            "local_image_path": "Bio-Produkte/Bio Marken/bauckhoffrchtetraumhafer.jpg"
          },
          {
            "image_urls": [
              "https://www.edeka24.de/out/pictures/generated/product/1/224_224_90/bauckhofschokoknusperhafer.jpg"
            ],
            "ItemTitle": "Bauckhof Demeter Bio Müzli Schokoknusper Hafer 425G",
            "ItemPrice": "4,49€",
            "ItemUnit": "10,56€/kg",
            "local_image_path": "Bio-Produkte/Bio Marken/bauckhofschokoknusperhafer.jpg"
          },
          {
            "image_urls": [
              "https://www.edeka24.de/out/pictures/generated/product/1/224_224_90/echt_hllische_bio_bierschinken_200_g.jpg"
            ],
            "ItemTitle": "Bäuerliche Erzeugergemeinschaft Schwäbisch Hall Bio-Bierschinken 200G",
            "ItemPrice": "4,49€",
            "ItemUnit": "22,45€/kg",
            "local_image_path": "Bio-Produkte/Bio Marken/echt_hllische_bio_bierschinken_200_g.jpg"
          },
          {
            "image_urls": [
              "https://www.edeka24.de/out/pictures/generated/product/1/224_224_90/buerliche_erzeugergemeinschaft_schwbisch_hall_biobratwurst_200g.jpg"
            ],
            "ItemTitle": "Bäuerliche Erzeugergemeinschaft Schwäbisch Hall Bio-Bratwurst grob 200G",
            "ItemPrice": "4,49€",
            "ItemUnit": "22,45€/kg",
            "local_image_path": "Bio-Produkte/Bio Marken/buerliche_erzeugergemeinschaft_schwbisch_hall_biobratwurst_200g.jpg"
          },
          {
            "image_urls": [
              "https://www.edeka24.de/out/pictures/generated/product/1/224_224_90/echt_hllische_bio_gutsleberwurst_200_g(1).jpg"
            ],
            "ItemTitle": "Bäuerliche Erzeugergemeinschaft Schwäbisch Hall Bio-Gutsleberwurst 200G",
            "ItemPrice": "4,49€",
            "ItemUnit": "22,45€/kg",
            "local_image_path": "Bio-Produkte/Bio Marken/echt_hllische_bio_gutsleberwurst_200_g(1).jpg"
          },
          {
            "image_urls": [
              "https://www.edeka24.de/out/pictures/generated/product/1/224_224_90/beshbio-jagdwurst.jpg"
            ],
            "ItemTitle": "Bäuerliche Erzeugergemeinschaft Schwäbisch Hall Bio-Jagdwurst 200G",
            "ItemPrice": "4,49€",
            "ItemUnit": "22,45€/kg",
            "local_image_path": "Bio-Produkte/Bio Marken/beshbio-jagdwurst.jpg"
          },
          {
            "image_urls": [
              "https://www.edeka24.de/out/pictures/generated/product/1/224_224_90/echt_hllische_bio_leberwurst_200_g(1).jpg"
            ],
            "ItemTitle": "Bäuerliche Erzeugergemeinschaft Schwäbisch Hall Bio-Leberwurst 200G",
            "ItemPrice": "4,49€",
            "ItemUnit": "22,45€/kg",
            "local_image_path": "Bio-Produkte/Bio Marken/echt_hllische_bio_leberwurst_200_g(1).jpg"
          }
        ]
      }
    ]
  },
  {
    "CategoryTitle": "Lebensmittel",
    "Subcategories": [
      {
        "subcategoryTitle": "Fertiggerichte",
        "productItems": [
          {
            "image_urls": [
              "https://www.edeka24.de/out/pictures/generated/product/1/224_224_90/wf_menue_schweineroulade_480g.jpg"
            ],
            "ItemTitle": "Wingert Foods Schweineroulade 480G",
            "ItemPrice": "2,99€",
            "ItemUnit": "6,23€/kg",
            "local_image_path": "Lebensmittel/Fertiggerichte/wf_menue_schweineroulade_480g.jpg"
          },
          {
            "image_urls": [
              "https://www.edeka24.de/out/pictures/generated/product/1/224_224_90/gampampg_kartofftopfmwuers800ml.jpg"
            ],
            "ItemTitle": "Gut & Günstig Kartoffeltopf mit Würstchen 800G",
            "ItemPrice": "2,59€",
            "ItemUnit": "3,24€/kg",
            "local_image_path": "Lebensmittel/Fertiggerichte/gampampg_kartofftopfmwuers800ml.jpg"
          },
          {
            "image_urls": [
              "https://www.edeka24.de/out/pictures/generated/product/1/224_224_90/wf_menue_huehnerfrikasse_480g.jpg"
            ],
            "ItemTitle": "Wingert Foods Hühnerfrikasse 480G",
            "ItemPrice": "2,69€",
            "ItemUnit": "5,60€/kg",
            "local_image_path": "Lebensmittel/Fertiggerichte/wf_menue_huehnerfrikasse_480g.jpg"
          },
          {
            "image_urls": [
              "https://www.edeka24.de/out/pictures/generated/product/1/224_224_90/erascospirnudfleikl.jpg"
            ],
            "ItemTitle": "Erasco Spirli-Nudeln mit Fleischklößchen 800G",
            "ItemPrice": "3,49€",
            "ItemUnit": "4,36€/kg",
            "local_image_path": "Lebensmittel/Fertiggerichte/erascospirnudfleikl.jpg"
          },
          {
            "image_urls": [
              "https://www.edeka24.de/out/pictures/generated/product/1/224_224_90/feuertopf.jpg"
            ],
            "ItemTitle": "Gut & Günstig Feuertopf 800G",
            "ItemPrice": "1,99€",
            "ItemUnit": "2,49€/kg",
            "local_image_path": "Lebensmittel/Fertiggerichte/feuertopf.jpg"
          },
          {
            "image_urls": [
              "https://www.edeka24.de/out/pictures/generated/product/1/224_224_90/erasco_menamp252s_gyros_in_wamp252rziger_sauce_mit_tomatenreis_und_mais460g.jpg"
            ],
            "ItemTitle": "Erasco Gyros im Metaxa-Sauce mit Tomatenreis 460G",
            "ItemPrice": "3,99€",
            "ItemUnit": "8,67€/kg",
            "local_image_path": "Lebensmittel/Fertiggerichte/erasco_menamp252s_gyros_in_wamp252rziger_sauce_mit_tomatenreis_und_mais460g.jpg"
          },
          {
            "image_urls": [
              "https://www.edeka24.de/out/pictures/generated/product/1/224_224_90/maggiwirtshausmakkaroni.jpg"
            ],
            "ItemTitle": "Maggi Wirtshaus Makkaroni mit dreierlei Käse 170G",
            "ItemPrice": "1,69€",
            "ItemUnit": "9,94€/kg",
            "local_image_path": "Lebensmittel/Fertiggerichte/maggiwirtshausmakkaroni.jpg"
          },
          {
            "image_urls": [
              "https://www.edeka24.de/out/pictures/generated/product/1/224_224_90/erascoschweikmac.jpg"
            ],
            "ItemTitle": "Erasco Schweizer Käse-Maccaroni 800G",
            "ItemPrice": "4,29€",
            "ItemUnit": "5,36€/kg",
            "local_image_path": "Lebensmittel/Fertiggerichte/erascoschweikmac.jpg"
          },
          {
            "image_urls": [
              "https://www.edeka24.de/out/pictures/generated/product/1/224_224_90/wingert_foods_kohlroulade_mit_kartoffelwrfel_und_bohnen_480g(1).jpg"
            ],
            "ItemTitle": "Wingert Foods Kohlroulade mit Kartoffelwürfel und Bohnen 480G",
            "ItemPrice": "2,89€",
            "ItemUnit": "6,02€/kg",
            "local_image_path": "Lebensmittel/Fertiggerichte/wingert_foods_kohlroulade_mit_kartoffelwrfel_und_bohnen_480g(1).jpg"
          },
          {
            "image_urls": [
              "https://www.edeka24.de/out/pictures/generated/product/1/224_224_90/sonnen_bassermann_meine_rostbratwrstchen.jpg"
            ],
            "ItemTitle": "Sonnen Bassermann Meine Rostbratwürstchen 480G",
            "ItemPrice": "3,99€",
            "ItemUnit": "8,31€/kg",
            "local_image_path": "Lebensmittel/Fertiggerichte/sonnen_bassermann_meine_rostbratwrstchen.jpg"
          },
          {
            "image_urls": [
              "https://www.edeka24.de/out/pictures/generated/product/1/224_224_90/erasco_linseneintopf_mit_wrstchen_1_portion.jpg"
            ],
            "ItemTitle": "Erasco Linsen-Eintopf mit Würstchen 1 Portion 400G",
            "ItemPrice": "1,89€",
            "ItemUnit": "4,73€/kg",
            "local_image_path": "Lebensmittel/Fertiggerichte/erasco_linseneintopf_mit_wrstchen_1_portion.jpg"
          },
          {
            "image_urls": [
              "https://www.edeka24.de/out/pictures/generated/product/1/224_224_90/maggiravpiksau.png"
            ],
            "ItemTitle": "Maggi Ravioli in pikanter Sauce 800G",
            "ItemPrice": "3,29€",
            "ItemUnit": "4,11€/kg",
            "local_image_path": "Lebensmittel/Fertiggerichte/maggiravpiksau.png"
          },
          {
            "image_urls": [
              "https://www.edeka24.de/out/pictures/generated/product/1/224_224_90/wingert_foods_hacksteakssaftig_460g.jpg"
            ],
            "ItemTitle": "Wingert Foods Saftige Hacksteaks 460G",
            "ItemPrice": "2,69€",
            "ItemUnit": "5,85€/kg",
            "local_image_path": "Lebensmittel/Fertiggerichte/wingert_foods_hacksteakssaftig_460g.jpg"
          },
          {
            "image_urls": [
              "https://www.edeka24.de/out/pictures/generated/product/1/224_224_90/gutampampgamp220nstig_chili_con_carne_800g.jpg"
            ],
            "ItemTitle": "Gut & Günstig Chili con Carne 800G",
            "ItemPrice": "2,59€",
            "ItemUnit": "3,24€/kg",
            "local_image_path": "Lebensmittel/Fertiggerichte/gutampampgamp220nstig_chili_con_carne_800g.jpg"
          },
          {
            "image_urls": [
              "https://www.edeka24.de/out/pictures/generated/product/1/224_224_90/erasco_herzhafte_leberkndelsuppe_395_ml.jpg"
            ],
            "ItemTitle": "Erasco Leberknödel Suppe 395ML",
            "ItemPrice": "1,89€",
            "ItemUnit": "4,78€/l",
            "local_image_path": "Lebensmittel/Fertiggerichte/erasco_herzhafte_leberkndelsuppe_395_ml.jpg"
          },
          {
            "image_urls": [
              "https://www.edeka24.de/out/pictures/generated/product/1/224_224_90/erasco_menamp252_rindergulasch_480g.jpg"
            ],
            "ItemTitle": "Erasco Rindergulasch 480G",
            "ItemPrice": "3,99€",
            "ItemUnit": "8,31€/kg",
            "local_image_path": "Lebensmittel/Fertiggerichte/erasco_menamp252_rindergulasch_480g.jpg"
          },
          {
            "image_urls": [
              "https://www.edeka24.de/out/pictures/generated/product/1/224_224_90/erasco_ungarische_gulaschsuppe_390_ml.jpg"
            ],
            "ItemTitle": "Erasco Ungarische Gulaschsuppe 390ML",
            "ItemPrice": "1,89€",
            "ItemUnit": "4,85€/l",
            "local_image_path": "Lebensmittel/Fertiggerichte/erasco_ungarische_gulaschsuppe_390_ml.jpg"
          },
          {
            "image_urls": [
              "https://www.edeka24.de/out/pictures/generated/product/1/224_224_90/knorr_spaghetteria_bolognese_160g.jpg"
            ],
            "ItemTitle": "Knorr Spaghetteria Bolognese 160G",
            "ItemPrice": "1,49€",
            "ItemUnit": "9,31€/kg",
            "local_image_path": "Lebensmittel/Fertiggerichte/knorr_spaghetteria_bolognese_160g.jpg"
          },
          {
            "image_urls": [
              "https://www.edeka24.de/out/pictures/generated/product/1/224_224_90/erasco_menamp252_hacksteaks_480g.jpg"
            ],
            "ItemTitle": "Erasco Menü Hacksteaks 480G",
            "ItemPrice": "3,99€",
            "ItemUnit": "8,31€/kg",
            "local_image_path": "Lebensmittel/Fertiggerichte/erasco_menamp252_hacksteaks_480g.jpg"
          },
          {
            "image_urls": [
              "https://www.edeka24.de/out/pictures/generated/product/1/224_224_90/maggi_wh_kaesespaetzle_119g.jpg"
            ],
            "ItemTitle": "Maggi Wirtshaus Käse-Spätzle mit Röstzwiebeln 119G",
            "ItemPrice": "1,69€",
            "ItemUnit": "14,20€/kg",
            "local_image_path": "Lebensmittel/Fertiggerichte/maggi_wh_kaesespaetzle_119g.jpg"
          },
          {
            "image_urls": [
              "https://www.edeka24.de/out/pictures/generated/product/1/224_224_90/erasco_rinderroulade_in_sauce_mit_nudeln_amp_apfelrotkohl_460g.jpg"
            ],
            "ItemTitle": "Erasco Rinderroulade in Sauce mit Nudeln & Apfelrotkohl 460G",
            "ItemPrice": "3,99€",
            "ItemUnit": "8,67€/kg",
            "local_image_path": "Lebensmittel/Fertiggerichte/erasco_rinderroulade_in_sauce_mit_nudeln_amp_apfelrotkohl_460g.jpg"
          },
          {
            "image_urls": [
              "https://www.edeka24.de/out/pictures/generated/product/1/224_224_90/sonnen_bassermann_spaghetti_bolognese.jpg"
            ],
            "ItemTitle": "Sonnen Bassermann Spaghetti Bolognese 375G",
            "ItemPrice": "3,99€",
            "ItemUnit": "10,64€/kg",
            "local_image_path": "Lebensmittel/Fertiggerichte/sonnen_bassermann_spaghetti_bolognese.jpg"
          },
          {
            "image_urls": [
              "https://www.edeka24.de/out/pictures/generated/product/1/224_224_90/erasco_starke_portion_gulaschtopf_ungarische_art.jpg"
            ],
            "ItemTitle": "Erasco Ungarischer Gulasch-Topf mit aromatischem Pfeffer 800G",
            "ItemPrice": "4,29€",
            "ItemUnit": "5,36€/kg",
            "local_image_path": "Lebensmittel/Fertiggerichte/erasco_starke_portion_gulaschtopf_ungarische_art.jpg"
          },
          {
            "image_urls": [
              "https://www.edeka24.de/out/pictures/generated/product/1/224_224_90/erasco_balkanpfanne_mitcevapcici_800g.jpg"
            ],
            "ItemTitle": "Erasco Balkan-Pfanne mit Cevapcici 800G",
            "ItemPrice": "3,49€",
            "ItemUnit": "4,36€/kg",
            "local_image_path": "Lebensmittel/Fertiggerichte/erasco_balkanpfanne_mitcevapcici_800g.jpg"
          },
          {
            "image_urls": [
              "https://www.edeka24.de/out/pictures/generated/product/1/224_224_90/wingert_foods_huhn_sss_sauer_375g.jpg"
            ],
            "ItemTitle": "Wingert Foods Huhn Süss Sauer 375G",
            "ItemPrice": "2,69€",
            "ItemUnit": "7,17€/kg",
            "local_image_path": "Lebensmittel/Fertiggerichte/wingert_foods_huhn_sss_sauer_375g.jpg"
          },
          {
            "image_urls": [
              "https://www.edeka24.de/out/pictures/generated/product/1/224_224_90/erasco_feurige_thaisuppe_390_ml.jpg"
            ],
            "ItemTitle": "Erasco Feurige Thai-Suppe 390ML",
            "ItemPrice": "1,69€",
            "ItemUnit": "4,33€/l",
            "local_image_path": "Lebensmittel/Fertiggerichte/erasco_feurige_thaisuppe_390_ml.jpg"
          },
          {
            "image_urls": [
              "https://www.edeka24.de/out/pictures/generated/product/1/224_224_90/knorremmemakk.jpg"
            ],
            "ItemTitle": "Knorr Hüttenschmaus Emmentaler Makkaroni 151G",
            "ItemPrice": "1,79€",
            "ItemUnit": "11,85€/kg",
            "local_image_path": "Lebensmittel/Fertiggerichte/knorremmemakk.jpg"
          },
          {
            "image_urls": [
              "https://www.edeka24.de/out/pictures/generated/product/1/224_224_90/erasco_1_portion_kartoffeltopf_mit_wrstchen_400_g.jpg"
            ],
            "ItemTitle": "Erasco 1 Portion Kartoffel-Topf mit Würstchen 400G",
            "ItemPrice": "1,89€",
            "ItemUnit": "4,73€/kg",
            "local_image_path": "Lebensmittel/Fertiggerichte/erasco_1_portion_kartoffeltopf_mit_wrstchen_400_g.jpg"
          },
          {
            "image_urls": [
              "https://www.edeka24.de/out/pictures/generated/product/1/224_224_90/erasco_hhnernudeltopf_mit_hhnerbrhe_800_g.jpg"
            ],
            "ItemTitle": "Erasco Hühner Nudel-Topf mit Hühnerbrühe 800G",
            "ItemPrice": "3,49€",
            "ItemUnit": "4,36€/kg",
            "local_image_path": "Lebensmittel/Fertiggerichte/erasco_hhnernudeltopf_mit_hhnerbrhe_800_g.jpg"
          },
          {
            "image_urls": [
              "https://www.edeka24.de/out/pictures/generated/product/1/224_224_90/sbkasseler.jpg"
            ],
            "ItemTitle": "Sonnen Bassermann Mein Kasseler Schulter 480G",
            "ItemPrice": "3,99€",
            "ItemUnit": "8,31€/kg",
            "local_image_path": "Lebensmittel/Fertiggerichte/sbkasseler.jpg"
          },
          {
            "image_urls": [
              "https://www.edeka24.de/out/pictures/generated/product/1/224_224_90/erasco_6_knigsberger_klopse_800_g.jpg"
            ],
            "ItemTitle": "Erasco Königsberger Klopse 800G",
            "ItemPrice": "4,29€",
            "ItemUnit": "5,36€/kg",
            "local_image_path": "Lebensmittel/Fertiggerichte/erasco_6_knigsberger_klopse_800_g.jpg"
          },
          {
            "image_urls": [
              "https://www.edeka24.de/out/pictures/generated/product/1/224_224_90/maggiraviolitomatensauce.jpg"
            ],
            "ItemTitle": "Maggi Ravioli in Tomatensauce 800G",
            "ItemPrice": "3,29€",
            "ItemUnit": "4,11€/kg",
            "local_image_path": "Lebensmittel/Fertiggerichte/maggiraviolitomatensauce.jpg"
          },
          {
            "image_urls": [
              "https://www.edeka24.de/out/pictures/generated/product/1/224_224_90/erasco_2_kohlrouladen_800g.jpg"
            ],
            "ItemTitle": "Erasco 2 Kohlrouladen 800G",
            "ItemPrice": "4,49€",
            "ItemUnit": "5,61€/kg",
            "local_image_path": "Lebensmittel/Fertiggerichte/erasco_2_kohlrouladen_800g.jpg"
          },
          {
            "image_urls": [
              "https://www.edeka24.de/out/pictures/generated/product/1/224_224_90/knorr_pasta_snack_ksesahnesauce.jpg"
            ],
            "ItemTitle": "Knorr Pasta Snack Käse-Sahne-Sauce 71G",
            "ItemPrice": "1,59€",
            "ItemUnit": "22,39€/kg",
            "local_image_path": "Lebensmittel/Fertiggerichte/knorr_pasta_snack_ksesahnesauce.jpg"
          },
          {
            "image_urls": [
              "https://www.edeka24.de/out/pictures/generated/product/1/224_224_90/erascolemw.jpg"
            ],
            "ItemTitle": "Erasco Linsen-Eintopf mit Würstchen 800G",
            "ItemPrice": "3,49€",
            "ItemUnit": "4,36€/kg",
            "local_image_path": "Lebensmittel/Fertiggerichte/erascolemw.jpg"
          },
          {
            "image_urls": [
              "https://www.edeka24.de/out/pictures/generated/product/1/224_224_90/erasco_menamp252_gramp252nkohl_370g.jpg"
            ],
            "ItemTitle": "Erasco Menü Grünkohl 370G",
            "ItemPrice": "3,29€",
            "ItemUnit": "8,89€/kg",
            "local_image_path": "Lebensmittel/Fertiggerichte/erasco_menamp252_gramp252nkohl_370g.jpg"
          },
          {
            "image_urls": [
              "https://www.edeka24.de/out/pictures/generated/product/1/224_224_90/yum_yuminstantnudeln_ente_60g.jpg"
            ],
            "ItemTitle": "Yum Yum Instantnudeln Ente 60G",
            "ItemPrice": "0,79€",
            "ItemUnit": "13,17€/kg",
            "local_image_path": "Lebensmittel/Fertiggerichte/yum_yuminstantnudeln_ente_60g.jpg"
          },
          {
            "image_urls": [
              "https://www.edeka24.de/out/pictures/generated/product/1/224_224_90/heisse_tasse_huehner_suppe.jpg"
            ],
            "ItemTitle": "Heisse Tasse Huhn mit Nudeln Suppe 36,6G",
            "ItemPrice": "1,19€",
            "ItemUnit": "32,51€/kg",
            "local_image_path": "Lebensmittel/Fertiggerichte/heisse_tasse_huehner_suppe.jpg"
          },
          {
            "image_urls": [
              "https://www.edeka24.de/out/pictures/generated/product/1/224_224_90/ddrinderroulade.jpg"
            ],
            "ItemTitle": "Du darfst Rinderroulade in aromatischer Sauce mit würzigem Rotkohl und Kartoffelpüree 400G",
            "ItemPrice": "3,79€",
            "ItemUnit": "9,48€/kg",
            "local_image_path": "Lebensmittel/Fertiggerichte/ddrinderroulade.jpg"
          },
          {
            "image_urls": [
              "https://www.edeka24.de/out/pictures/generated/product/1/224_224_90/gut_amp_gnstig_kartoffelsuppe.jpg"
            ],
            "ItemTitle": "Gut & Günstig Kartoffelsuppe 800G",
            "ItemPrice": "1,99€",
            "ItemUnit": "2,49€/kg",
            "local_image_path": "Lebensmittel/Fertiggerichte/gut_amp_gnstig_kartoffelsuppe.jpg"
          },
          {
            "image_urls": [
              "https://www.edeka24.de/out/pictures/generated/product/1/224_224_90/knorr_spaghetteria_pomodoro_mozzarella_163g.jpg"
            ],
            "ItemTitle": "Knorr Spaghetteria Pomodoro Mozzarella 163G",
            "ItemPrice": "1,49€",
            "ItemUnit": "9,14€/kg",
            "local_image_path": "Lebensmittel/Fertiggerichte/knorr_spaghetteria_pomodoro_mozzarella_163g.jpg"
          },
          {
            "image_urls": [
              "https://www.edeka24.de/out/pictures/generated/product/1/224_224_90/yfood_trinkmahlzeit_cherry_banana_500ml.jpg"
            ],
            "ItemTitle": "Yfood Trinkmahlzeit Cherry Banana 500ML",
            "ItemPrice": "4,29€",
            "ItemUnit": "8,58€/l",
            "local_image_path": "Lebensmittel/Fertiggerichte/yfood_trinkmahlzeit_cherry_banana_500ml.jpg"
          },
          {
            "image_urls": [
              "https://www.edeka24.de/out/pictures/generated/product/1/224_224_90/edeka_gulaschsuppe_480ml.jpg"
            ],
            "ItemTitle": "EDEKA Gulaschsuppe 480ML",
            "ItemPrice": "2,19€",
            "ItemUnit": "4,56€/l",
            "local_image_path": "Lebensmittel/Fertiggerichte/edeka_gulaschsuppe_480ml.jpg"
          },
          {
            "image_urls": [
              "https://www.edeka24.de/out/pictures/generated/product/1/224_224_90/erasco_erbseneintopf_mit_wrstchen_1_portion.jpg"
            ],
            "ItemTitle": "Erasco Erbsen-Eintopf mit Würstchen 1 Portion 400G",
            "ItemPrice": "1,89€",
            "ItemUnit": "4,73€/kg",
            "local_image_path": "Lebensmittel/Fertiggerichte/erasco_erbseneintopf_mit_wrstchen_1_portion.jpg"
          },
          {
            "image_urls": [
              "https://www.edeka24.de/out/pictures/generated/product/1/224_224_90/erasco_menamp252_cevapcici_375g.jpg"
            ],
            "ItemTitle": "Erasco Cevapcici in würziger Sauce mit Balkan-Reis 375G",
            "ItemPrice": "3,99€",
            "ItemUnit": "10,64€/kg",
            "local_image_path": "Lebensmittel/Fertiggerichte/erasco_menamp252_cevapcici_375g.jpg"
          },
          {
            "image_urls": [
              "https://www.edeka24.de/out/pictures/generated/product/1/224_224_90/erasco_erbseneintopf_mit_wrstchen_800_g.jpg"
            ],
            "ItemTitle": "Erasco Erbsen-Eintopf mit Würstchen 800G",
            "ItemPrice": "3,49€",
            "ItemUnit": "4,36€/kg",
            "local_image_path": "Lebensmittel/Fertiggerichte/erasco_erbseneintopf_mit_wrstchen_800_g.jpg"
          },
          {
            "image_urls": [
              "https://www.edeka24.de/out/pictures/generated/product/1/224_224_90/alnaturagemrav.jpg"
            ],
            "ItemTitle": "Alnatura Bio Gemüse Ravioli 400G",
            "ItemPrice": "2,69€",
            "ItemUnit": "6,73€/kg",
            "local_image_path": "Lebensmittel/Fertiggerichte/alnaturagemrav.jpg"
          },
          {
            "image_urls": [
              "https://www.edeka24.de/out/pictures/generated/product/1/224_224_90/erasco_1_portion_rindfleisch_nudeltopf(1).jpg"
            ],
            "ItemTitle": "Erasco 1 Portion Rindfleisch Nudel-Topf 400G",
            "ItemPrice": "1,89€",
            "ItemUnit": "4,73€/kg",
            "local_image_path": "Lebensmittel/Fertiggerichte/erasco_1_portion_rindfleisch_nudeltopf(1).jpg"
          },
          {
            "image_urls": [
              "https://www.edeka24.de/out/pictures/generated/product/1/224_224_90/knorr_activ_veggie_penne_mit_broccoli_146g.jpg"
            ],
            "ItemTitle": "Knorr Activ Veggie Penne mit Broccoli 146G",
            "ItemPrice": "1,49€",
            "ItemUnit": "10,21€/kg",
            "local_image_path": "Lebensmittel/Fertiggerichte/knorr_activ_veggie_penne_mit_broccoli_146g.jpg"
          },
          {
            "image_urls": [
              "https://www.edeka24.de/out/pictures/generated/product/1/224_224_90/yfood_trinkmahlzeit_coco_white_choco_500ml.jpg"
            ],
            "ItemTitle": "Yfood Trinkmahlzeit Coco White Choco 500ML",
            "ItemPrice": "4,29€",
            "ItemUnit": "8,58€/l",
            "local_image_path": "Lebensmittel/Fertiggerichte/yfood_trinkmahlzeit_coco_white_choco_500ml.jpg"
          },
          {
            "image_urls": [
              "https://www.edeka24.de/out/pictures/generated/product/1/224_224_90/sonnen_bassermann_mein_schlemmergulasch_480g.jpg"
            ],
            "ItemTitle": "Sonnen Bassermann Mein Schlemmergulasch 480G",
            "ItemPrice": "3,99€",
            "ItemUnit": "8,31€/kg",
            "local_image_path": "Lebensmittel/Fertiggerichte/sonnen_bassermann_mein_schlemmergulasch_480g.jpg"
          },
          {
            "image_urls": [
              "https://www.edeka24.de/out/pictures/generated/product/1/224_224_90/knorr_veggie_pasta_mit_sommergemamp252se_155g.jpg"
            ],
            "ItemTitle": "Knorr Veggie Muschelnudeln mit Frühlingsgemüse in Kräutersauce 155G",
            "ItemPrice": "1,49€",
            "ItemUnit": "9,61€/kg",
            "local_image_path": "Lebensmittel/Fertiggerichte/knorr_veggie_pasta_mit_sommergemamp252se_155g.jpg"
          },
          {
            "image_urls": [
              "https://www.edeka24.de/out/pictures/generated/product/1/224_224_90/edeka_chili_con_carne_500g.jpg"
            ],
            "ItemTitle": "Edeka Chili con Carne 500G",
            "ItemPrice": "2,19€",
            "ItemUnit": "4,38€/kg",
            "local_image_path": "Lebensmittel/Fertiggerichte/edeka_chili_con_carne_500g.jpg"
          },
          {
            "image_urls": [
              "https://www.edeka24.de/out/pictures/generated/product/1/224_224_90/erasco_reistopf_mit_fleischklen_800_g.jpg"
            ],
            "ItemTitle": "Erasco Reistopf mit Fleischklößchen 800G",
            "ItemPrice": "3,49€",
            "ItemUnit": "4,36€/kg",
            "local_image_path": "Lebensmittel/Fertiggerichte/erasco_reistopf_mit_fleischklen_800_g.jpg"
          },
          {
            "image_urls": [
              "https://www.edeka24.de/out/pictures/generated/product/1/224_224_90/maggi_penne_tomate_mozzarella_art_in_cremiger_sauce_800g.jpg"
            ],
            "ItemTitle": "Maggi Penne Tomate-Mozzarella Art in cremiger Sauce 800G",
            "ItemPrice": "3,29€",
            "ItemUnit": "4,11€/kg",
            "local_image_path": "Lebensmittel/Fertiggerichte/maggi_penne_tomate_mozzarella_art_in_cremiger_sauce_800g.jpg"
          },
          {
            "image_urls": [
              "https://www.edeka24.de/out/pictures/generated/product/1/224_224_90/knorr-bouillon-pur-huhn.jpg"
            ],
            "ItemTitle": "Knorr Bouillon Pur Huhn 6ST 168G",
            "ItemPrice": "1,99€",
            "ItemUnit": "11,85€/kg",
            "local_image_path": "Lebensmittel/Fertiggerichte/knorr-bouillon-pur-huhn.jpg"
          },
          {
            "image_urls": [
              "https://www.edeka24.de/out/pictures/generated/product/1/224_224_90/heisse_tasse_tomatencreme_sup.jpg"
            ],
            "ItemTitle": "Heisse Tasse Tomaten Creme Suppe 63G",
            "ItemPrice": "1,19€",
            "ItemUnit": "18,89€/kg",
            "local_image_path": "Lebensmittel/Fertiggerichte/heisse_tasse_tomatencreme_sup.jpg"
          },
          {
            "image_urls": [
              "https://www.edeka24.de/out/pictures/generated/product/1/224_224_90/maggi_magic_asia_gebratene_nudeln_ente_119g.jpg"
            ],
            "ItemTitle": "Maggi Magic Asia Gebratene Nudeln Ente 119G",
            "ItemPrice": "1,69€",
            "ItemUnit": "14,20€/kg",
            "local_image_path": "Lebensmittel/Fertiggerichte/maggi_magic_asia_gebratene_nudeln_ente_119g.jpg"
          },
          {
            "image_urls": [
              "https://www.edeka24.de/out/pictures/generated/product/1/224_224_90/maggi_guten_appetit_wrzige_suppe_erbsen_ergibt_750ml.jpg"
            ],
            "ItemTitle": "Maggi Guten Appetit Würzige Suppe Erbsen ergibt 750ML",
            "ItemPrice": "1,09€",
            "ItemUnit": "1,45€/l",
            "local_image_path": "Lebensmittel/Fertiggerichte/maggi_guten_appetit_wrzige_suppe_erbsen_ergibt_750ml.jpg"
          },
          {
            "image_urls": [
              "https://www.edeka24.de/out/pictures/generated/product/1/224_224_90/nissin_soba_cup_yakitori_chicken_89g.jpg"
            ],
            "ItemTitle": "Nissin Cup Noodles Soba Yakitori Chicken 89G",
            "ItemPrice": "1,89€",
            "ItemUnit": "21,24€/kg",
            "local_image_path": "Lebensmittel/Fertiggerichte/nissin_soba_cup_yakitori_chicken_89g.jpg"
          },
          {
            "image_urls": [
              "https://www.edeka24.de/out/pictures/generated/product/1/224_224_90/erasco_gebundene_ochsenschwanz_suppe_385_ml.jpg"
            ],
            "ItemTitle": "Erasco Ochsenschwanz Suppe mit Madeira Wein 385ML",
            "ItemPrice": "1,89€",
            "ItemUnit": "4,91€/l",
            "local_image_path": "Lebensmittel/Fertiggerichte/erasco_gebundene_ochsenschwanz_suppe_385_ml.jpg"
          },
          {
            "image_urls": [
              "https://www.edeka24.de/out/pictures/generated/product/1/224_224_90/erasco_markklchensuppe_390_ml.jpg"
            ],
            "ItemTitle": "Erasco Markklößchen Suppe 390ML",
            "ItemPrice": "1,69€",
            "ItemUnit": "4,33€/l",
            "local_image_path": "Lebensmittel/Fertiggerichte/erasco_markklchensuppe_390_ml.jpg"
          },
          {
            "image_urls": [
              "https://www.edeka24.de/out/pictures/generated/product/1/224_224_90/alnaturalinsentopf.jpg"
            ],
            "ItemTitle": "Alnatura Bio Linsen Eintopf 400G",
            "ItemPrice": "2,69€",
            "ItemUnit": "6,73€/kg",
            "local_image_path": "Lebensmittel/Fertiggerichte/alnaturalinsentopf.jpg"
          },
          {
            "image_urls": [
              "https://www.edeka24.de/out/pictures/generated/product/1/224_224_90/erasco_spargelcremesuppe_390_ml.jpg"
            ],
            "ItemTitle": "Erasco Spargel Cremesuppe 390ML",
            "ItemPrice": "1,69€",
            "ItemUnit": "4,33€/l",
            "local_image_path": "Lebensmittel/Fertiggerichte/erasco_spargelcremesuppe_390_ml.jpg"
          },
          {
            "image_urls": [
              "https://www.edeka24.de/out/pictures/generated/product/1/224_224_90/erasco_mexikanisches_chili_con_carne_800_g.jpg"
            ],
            "ItemTitle": "Erasco Mexikanisches Chili con Carne 800G",
            "ItemPrice": "4,29€",
            "ItemUnit": "5,36€/kg",
            "local_image_path": "Lebensmittel/Fertiggerichte/erasco_mexikanisches_chili_con_carne_800_g.jpg"
          },
          {
            "image_urls": [
              "https://www.edeka24.de/out/pictures/generated/product/1/224_224_90/maggi_guten_appetit_suppe_grieamp223klamp246amp223chen_famp252r_1l.jpg"
            ],
            "ItemTitle": "Maggi Guten Appetit Grießklößchen Suppe ergibt 1L",
            "ItemPrice": "1,09€",
            "ItemUnit": "1,09€/l",
            "local_image_path": "Lebensmittel/Fertiggerichte/maggi_guten_appetit_suppe_grieamp223klamp246amp223chen_famp252r_1l.jpg"
          },
          {
            "image_urls": [
              "https://www.edeka24.de/out/pictures/generated/product/1/224_224_90/erasco_frischgemsetopf_mit_fleischklchen_800_g.jpg"
            ],
            "ItemTitle": "Erasco Frischgemüse-Topf mit Fleischklößchen 800G",
            "ItemPrice": "3,49€",
            "ItemUnit": "4,36€/kg",
            "local_image_path": "Lebensmittel/Fertiggerichte/erasco_frischgemsetopf_mit_fleischklchen_800_g.jpg"
          },
          {
            "image_urls": [
              "https://www.edeka24.de/out/pictures/generated/product/1/224_224_90/leimer_backerbsen_200_g.jpg"
            ],
            "ItemTitle": "Leimer Backerbsen 200G",
            "ItemPrice": "2,19€",
            "ItemUnit": "10,95€/kg",
            "local_image_path": "Lebensmittel/Fertiggerichte/leimer_backerbsen_200_g.jpg"
          },
          {
            "image_urls": [
              "https://www.edeka24.de/out/pictures/generated/product/1/224_224_90/heisse_tasse_champignon_suppe.jpg"
            ],
            "ItemTitle": "Heisse Tasse Champignon Creme Suppe 42G",
            "ItemPrice": "1,19€",
            "ItemUnit": "28,33€/kg",
            "local_image_path": "Lebensmittel/Fertiggerichte/heisse_tasse_champignon_suppe.jpg"
          },
          {
            "image_urls": [
              "https://www.edeka24.de/out/pictures/generated/product/1/224_224_90/maggi_magic_asia_gebratene_nudeln_huhn_121g.jpg"
            ],
            "ItemTitle": "Maggi Magic Asia Gebratene Nudeln Huhn 121G",
            "ItemPrice": "1,69€",
            "ItemUnit": "13,97€/kg",
            "local_image_path": "Lebensmittel/Fertiggerichte/maggi_magic_asia_gebratene_nudeln_huhn_121g.jpg"
          },
          {
            "image_urls": [
              "https://www.edeka24.de/out/pictures/generated/product/1/224_224_90/erasco_1_portion_grne_bohnen_kartoffeltopf_400_g.jpg"
            ],
            "ItemTitle": "Erasco 1 Portion Grüne Bohnen Kartoffeltopf 400G",
            "ItemPrice": "1,89€",
            "ItemUnit": "4,73€/kg",
            "local_image_path": "Lebensmittel/Fertiggerichte/erasco_1_portion_grne_bohnen_kartoffeltopf_400_g.jpg"
          },
          {
            "image_urls": [
              "https://www.edeka24.de/out/pictures/generated/product/1/224_224_90/knorr_delikatess_brhe_in_der_dose.jpg"
            ],
            "ItemTitle": "Knorr Delikatess Brühe für 16L 329G",
            "ItemPrice": "2,99€",
            "ItemUnit": "9,09€/kg",
            "local_image_path": "Lebensmittel/Fertiggerichte/knorr_delikatess_brhe_in_der_dose.jpg"
          },
          {
            "image_urls": [
              "https://www.edeka24.de/out/pictures/generated/product/1/224_224_90/erasco_mhreneintopf_mit_fleischbllchen_800_g.jpg"
            ],
            "ItemTitle": "Erasco Möhren-Eintopf mit Fleischbällchen 800G",
            "ItemPrice": "3,49€",
            "ItemUnit": "4,36€/kg",
            "local_image_path": "Lebensmittel/Fertiggerichte/erasco_mhreneintopf_mit_fleischbllchen_800_g.jpg"
          },
          {
            "image_urls": [
              "https://www.edeka24.de/out/pictures/generated/product/1/224_224_90/alnatura_bio_hhnernudel_eintopf.jpg"
            ],
            "ItemTitle": "Alnatura Bio Hühner-Nudel Eintopf 400G",
            "ItemPrice": "2,69€",
            "ItemUnit": "6,73€/kg",
            "local_image_path": "Lebensmittel/Fertiggerichte/alnatura_bio_hhnernudel_eintopf.jpg"
          },
          {
            "image_urls": [
              "https://www.edeka24.de/out/pictures/generated/product/1/224_224_90/knorr-bouillon-rind.jpg"
            ],
            "ItemTitle": "Knorr Bouillon Pur Rind 6ST 168G",
            "ItemPrice": "1,99€",
            "ItemUnit": "11,85€/kg",
            "local_image_path": "Lebensmittel/Fertiggerichte/knorr-bouillon-rind.jpg"
          },
          {
            "image_urls": [
              "https://www.edeka24.de/out/pictures/generated/product/1/224_224_90/yum_yum_instantnudeln_vegetarisch_60g.jpg"
            ],
            "ItemTitle": "Yum Yum Instantnudeln vegetarisch 60G",
            "ItemPrice": "0,79€",
            "ItemUnit": "13,17€/kg",
            "local_image_path": "Lebensmittel/Fertiggerichte/yum_yum_instantnudeln_vegetarisch_60g.jpg"
          },
          {
            "image_urls": [
              "https://www.edeka24.de/out/pictures/generated/product/1/224_224_90/sonnen_bassermann_hacksteak_480g.jpg"
            ],
            "ItemTitle": "Sonnen Bassermann Hacksteak 480G",
            "ItemPrice": "3,99€",
            "ItemUnit": "8,31€/kg",
            "local_image_path": "Lebensmittel/Fertiggerichte/sonnen_bassermann_hacksteak_480g.jpg"
          },
          {
            "image_urls": [
              "https://www.edeka24.de/out/pictures/generated/product/1/224_224_90/bio_rettergut_karottensuppe_mit_ingwer_375ml.jpg"
            ],
            "ItemTitle": "Rettergut Bio Karottensuppe mit Ingwer 375ML",
            "ItemPrice": "3,49€",
            "ItemUnit": "9,31€/l",
            "local_image_path": "Lebensmittel/Fertiggerichte/bio_rettergut_karottensuppe_mit_ingwer_375ml.jpg"
          },
          {
            "image_urls": [
              "https://www.edeka24.de/out/pictures/generated/product/1/224_224_90/bio_rettergut_krbissuppe_mit_kokos_375_ml.jpg"
            ],
            "ItemTitle": "Rettergut Bio Kürbissuppe mit Kokos 375ML",
            "ItemPrice": "3,49€",
            "ItemUnit": "9,31€/l",
            "local_image_path": "Lebensmittel/Fertiggerichte/bio_rettergut_krbissuppe_mit_kokos_375_ml.jpg"
          },
          {
            "image_urls": [
              "https://www.edeka24.de/out/pictures/generated/product/1/224_224_90/leimer_markkloeschen_4000186035502.jpg"
            ],
            "ItemTitle": "Leimer Markklößchen 100G",
            "ItemPrice": "1,59€",
            "ItemUnit": "15,90€/kg",
            "local_image_path": "Lebensmittel/Fertiggerichte/leimer_markkloeschen_4000186035502.jpg"
          },
          {
            "image_urls": [
              "https://www.edeka24.de/out/pictures/generated/product/1/224_224_90/sonnen_bassermann_mein_leichter_genuss_zwiebelhackbraten.jpg"
            ],
            "ItemTitle": "Sonnen Bassermann Mein Leichter Genuss Zwiebel-Hackbraten 400G",
            "ItemPrice": "3,99€",
            "ItemUnit": "9,98€/kg",
            "local_image_path": "Lebensmittel/Fertiggerichte/sonnen_bassermann_mein_leichter_genuss_zwiebelhackbraten.jpg"
          },
          {
            "image_urls": [
              "https://www.edeka24.de/out/pictures/generated/product/1/224_224_90/knorr_spaghetteria_spinaci_160g(1).jpg"
            ],
            "ItemTitle": "Knorr Spaghetteria Spinaci 160G",
            "ItemPrice": "1,49€",
            "ItemUnit": "9,31€/kg",
            "local_image_path": "Lebensmittel/Fertiggerichte/knorr_spaghetteria_spinaci_160g(1).jpg"
          },
          {
            "image_urls": [
              "https://www.edeka24.de/out/pictures/generated/product/1/224_224_90/knorr_asia_noodles_huhn_70g.jpg"
            ],
            "ItemTitle": "Knorr Asia Noodles Huhn 70G",
            "ItemPrice": "0,69€",
            "ItemUnit": "9,86€/kg",
            "local_image_path": "Lebensmittel/Fertiggerichte/knorr_asia_noodles_huhn_70g.jpg"
          },
          {
            "image_urls": [
              "https://www.edeka24.de/out/pictures/generated/product/1/224_224_90/strhl_kse_fondue_classic.jpg"
            ],
            "ItemTitle": "Strähl Käse Fondue Classic 400G",
            "ItemPrice": "5,79€",
            "ItemUnit": "14,48€/kg",
            "local_image_path": "Lebensmittel/Fertiggerichte/strhl_kse_fondue_classic.jpg"
          },
          {
            "image_urls": [
              "https://www.edeka24.de/out/pictures/generated/product/1/224_224_90/nissin_soba_cup_sukiyaki_beef_89g.jpg"
            ],
            "ItemTitle": "Nissin Cup Noodles Soba Sukiyaki Beef 89G",
            "ItemPrice": "1,89€",
            "ItemUnit": "21,24€/kg",
            "local_image_path": "Lebensmittel/Fertiggerichte/nissin_soba_cup_sukiyaki_beef_89g.jpg"
          },
          {
            "image_urls": [
              "https://www.edeka24.de/out/pictures/generated/product/1/224_224_90/maggi_guten_appetit_rindfleisch_suppe_famp252r_1l.jpg"
            ],
            "ItemTitle": "Maggi Guten Appetit Rindfleisch Suppe ergibt 1L",
            "ItemPrice": "1,09€",
            "ItemUnit": "1,09€/l",
            "local_image_path": "Lebensmittel/Fertiggerichte/maggi_guten_appetit_rindfleisch_suppe_famp252r_1l.jpg"
          },
          {
            "image_urls": [
              "https://www.edeka24.de/out/pictures/generated/product/1/224_224_90/knorr_suppenliebe_buchstaben_suppe_82g.jpg"
            ],
            "ItemTitle": "Knorr Suppenliebe Buchstaben Suppe 82G",
            "ItemPrice": "1,09€",
            "ItemUnit": "13,29€/kg",
            "local_image_path": "Lebensmittel/Fertiggerichte/knorr_suppenliebe_buchstaben_suppe_82g.jpg"
          },
          {
            "image_urls": [
              "https://www.edeka24.de/out/pictures/generated/product/1/224_224_90/erasco_klare_hhnernudelsuppe_mit_hhnerbrhe_390_ml.jpg"
            ],
            "ItemTitle": "Erasco Hühner-Nudelsuppe 390ML",
            "ItemPrice": "1,69€",
            "ItemUnit": "4,33€/l",
            "local_image_path": "Lebensmittel/Fertiggerichte/erasco_klare_hhnernudelsuppe_mit_hhnerbrhe_390_ml.jpg"
          },
          {
            "image_urls": [
              "https://www.edeka24.de/out/pictures/generated/product/1/224_224_90/alnatura_bio_kichererbsen_kokoseintopf.jpg"
            ],
            "ItemTitle": "Alnatura Bio Kichererbsen Kokos-Eintopf 400G",
            "ItemPrice": "2,69€",
            "ItemUnit": "6,73€/kg",
            "local_image_path": "Lebensmittel/Fertiggerichte/alnatura_bio_kichererbsen_kokoseintopf.jpg"
          },
          {
            "image_urls": [
              "https://www.edeka24.de/out/pictures/generated/product/1/224_224_90/mama_instantnudeln_huhn_55g.jpg"
            ],
            "ItemTitle": "Mama Instantnudeln Huhn 55G",
            "ItemPrice": "0,89€",
            "ItemUnit": "16,18€/kg",
            "local_image_path": "Lebensmittel/Fertiggerichte/mama_instantnudeln_huhn_55g.jpg"
          },
          {
            "image_urls": [
              "https://www.edeka24.de/out/pictures/generated/product/1/224_224_90/erasco_gebundene_ochsenschwanz_suppe_385_ml.jpg"
            ],
            "ItemTitle": "Erasco Ochsenschwanz Suppe mit Madeira Wein 385ML",
            "ItemPrice": "1,89€",
            "ItemUnit": "4,91€/l",
            "local_image_path": "Lebensmittel/Fertiggerichte/erasco_gebundene_ochsenschwanz_suppe_385_ml.jpg"
          },
          {
            "image_urls": [
              "https://www.edeka24.de/out/pictures/generated/product/1/224_224_90/erasco_markklchensuppe_390_ml.jpg"
            ],
            "ItemTitle": "Erasco Markklößchen Suppe 390ML",
            "ItemPrice": "1,69€",
            "ItemUnit": "4,33€/l",
            "local_image_path": "Lebensmittel/Fertiggerichte/erasco_markklchensuppe_390_ml.jpg"
          },
          {
            "image_urls": [
              "https://www.edeka24.de/out/pictures/generated/product/1/224_224_90/alnaturalinsentopf.jpg"
            ],
            "ItemTitle": "Alnatura Bio Linsen Eintopf 400G",
            "ItemPrice": "2,69€",
            "ItemUnit": "6,73€/kg",
            "local_image_path": "Lebensmittel/Fertiggerichte/alnaturalinsentopf.jpg"
          },
          {
            "image_urls": [
              "https://www.edeka24.de/out/pictures/generated/product/1/224_224_90/erasco_spargelcremesuppe_390_ml.jpg"
            ],
            "ItemTitle": "Erasco Spargel Cremesuppe 390ML",
            "ItemPrice": "1,69€",
            "ItemUnit": "4,33€/l",
            "local_image_path": "Lebensmittel/Fertiggerichte/erasco_spargelcremesuppe_390_ml.jpg"
          },
          {
            "image_urls": [
              "https://www.edeka24.de/out/pictures/generated/product/1/224_224_90/erasco_mexikanisches_chili_con_carne_800_g.jpg"
            ],
            "ItemTitle": "Erasco Mexikanisches Chili con Carne 800G",
            "ItemPrice": "4,29€",
            "ItemUnit": "5,36€/kg",
            "local_image_path": "Lebensmittel/Fertiggerichte/erasco_mexikanisches_chili_con_carne_800_g.jpg"
          },
          {
            "image_urls": [
              "https://www.edeka24.de/out/pictures/generated/product/1/224_224_90/maggi_guten_appetit_suppe_grieamp223klamp246amp223chen_famp252r_1l.jpg"
            ],
            "ItemTitle": "Maggi Guten Appetit Grießklößchen Suppe ergibt 1L",
            "ItemPrice": "1,09€",
            "ItemUnit": "1,09€/l",
            "local_image_path": "Lebensmittel/Fertiggerichte/maggi_guten_appetit_suppe_grieamp223klamp246amp223chen_famp252r_1l.jpg"
          },
          {
            "image_urls": [
              "https://www.edeka24.de/out/pictures/generated/product/1/224_224_90/erasco_frischgemsetopf_mit_fleischklchen_800_g.jpg"
            ],
            "ItemTitle": "Erasco Frischgemüse-Topf mit Fleischklößchen 800G",
            "ItemPrice": "3,49€",
            "ItemUnit": "4,36€/kg",
            "local_image_path": "Lebensmittel/Fertiggerichte/erasco_frischgemsetopf_mit_fleischklchen_800_g.jpg"
          },
          {
            "image_urls": [
              "https://www.edeka24.de/out/pictures/generated/product/1/224_224_90/leimer_backerbsen_200_g.jpg"
            ],
            "ItemTitle": "Leimer Backerbsen 200G",
            "ItemPrice": "2,19€",
            "ItemUnit": "10,95€/kg",
            "local_image_path": "Lebensmittel/Fertiggerichte/leimer_backerbsen_200_g.jpg"
          },
          {
            "image_urls": [
              "https://www.edeka24.de/out/pictures/generated/product/1/224_224_90/heisse_tasse_champignon_suppe.jpg"
            ],
            "ItemTitle": "Heisse Tasse Champignon Creme Suppe 42G",
            "ItemPrice": "1,19€",
            "ItemUnit": "28,33€/kg",
            "local_image_path": "Lebensmittel/Fertiggerichte/heisse_tasse_champignon_suppe.jpg"
          },
          {
            "image_urls": [
              "https://www.edeka24.de/out/pictures/generated/product/1/224_224_90/maggi_magic_asia_gebratene_nudeln_huhn_121g.jpg"
            ],
            "ItemTitle": "Maggi Magic Asia Gebratene Nudeln Huhn 121G",
            "ItemPrice": "1,69€",
            "ItemUnit": "13,97€/kg",
            "local_image_path": "Lebensmittel/Fertiggerichte/maggi_magic_asia_gebratene_nudeln_huhn_121g.jpg"
          },
          {
            "image_urls": [
              "https://www.edeka24.de/out/pictures/generated/product/1/224_224_90/erasco_1_portion_grne_bohnen_kartoffeltopf_400_g.jpg"
            ],
            "ItemTitle": "Erasco 1 Portion Grüne Bohnen Kartoffeltopf 400G",
            "ItemPrice": "1,89€",
            "ItemUnit": "4,73€/kg",
            "local_image_path": "Lebensmittel/Fertiggerichte/erasco_1_portion_grne_bohnen_kartoffeltopf_400_g.jpg"
          },
          {
            "image_urls": [
              "https://www.edeka24.de/out/pictures/generated/product/1/224_224_90/knorr_delikatess_brhe_in_der_dose.jpg"
            ],
            "ItemTitle": "Knorr Delikatess Brühe für 16L 329G",
            "ItemPrice": "2,99€",
            "ItemUnit": "9,09€/kg",
            "local_image_path": "Lebensmittel/Fertiggerichte/knorr_delikatess_brhe_in_der_dose.jpg"
          },
          {
            "image_urls": [
              "https://www.edeka24.de/out/pictures/generated/product/1/224_224_90/erasco_mhreneintopf_mit_fleischbllchen_800_g.jpg"
            ],
            "ItemTitle": "Erasco Möhren-Eintopf mit Fleischbällchen 800G",
            "ItemPrice": "3,49€",
            "ItemUnit": "4,36€/kg",
            "local_image_path": "Lebensmittel/Fertiggerichte/erasco_mhreneintopf_mit_fleischbllchen_800_g.jpg"
          },
          {
            "image_urls": [
              "https://www.edeka24.de/out/pictures/generated/product/1/224_224_90/alnatura_bio_hhnernudel_eintopf.jpg"
            ],
            "ItemTitle": "Alnatura Bio Hühner-Nudel Eintopf 400G",
            "ItemPrice": "2,69€",
            "ItemUnit": "6,73€/kg",
            "local_image_path": "Lebensmittel/Fertiggerichte/alnatura_bio_hhnernudel_eintopf.jpg"
          },
          {
            "image_urls": [
              "https://www.edeka24.de/out/pictures/generated/product/1/224_224_90/knorr-bouillon-rind.jpg"
            ],
            "ItemTitle": "Knorr Bouillon Pur Rind 6ST 168G",
            "ItemPrice": "1,99€",
            "ItemUnit": "11,85€/kg",
            "local_image_path": "Lebensmittel/Fertiggerichte/knorr-bouillon-rind.jpg"
          },
          {
            "image_urls": [
              "https://www.edeka24.de/out/pictures/generated/product/1/224_224_90/yum_yum_instantnudeln_vegetarisch_60g.jpg"
            ],
            "ItemTitle": "Yum Yum Instantnudeln vegetarisch 60G",
            "ItemPrice": "0,79€",
            "ItemUnit": "13,17€/kg",
            "local_image_path": "Lebensmittel/Fertiggerichte/yum_yum_instantnudeln_vegetarisch_60g.jpg"
          },
          {
            "image_urls": [
              "https://www.edeka24.de/out/pictures/generated/product/1/224_224_90/sonnen_bassermann_hacksteak_480g.jpg"
            ],
            "ItemTitle": "Sonnen Bassermann Hacksteak 480G",
            "ItemPrice": "3,99€",
            "ItemUnit": "8,31€/kg",
            "local_image_path": "Lebensmittel/Fertiggerichte/sonnen_bassermann_hacksteak_480g.jpg"
          },
          {
            "image_urls": [
              "https://www.edeka24.de/out/pictures/generated/product/1/224_224_90/bio_rettergut_karottensuppe_mit_ingwer_375ml.jpg"
            ],
            "ItemTitle": "Rettergut Bio Karottensuppe mit Ingwer 375ML",
            "ItemPrice": "3,49€",
            "ItemUnit": "9,31€/l",
            "local_image_path": "Lebensmittel/Fertiggerichte/bio_rettergut_karottensuppe_mit_ingwer_375ml.jpg"
          },
          {
            "image_urls": [
              "https://www.edeka24.de/out/pictures/generated/product/1/224_224_90/bio_rettergut_krbissuppe_mit_kokos_375_ml.jpg"
            ],
            "ItemTitle": "Rettergut Bio Kürbissuppe mit Kokos 375ML",
            "ItemPrice": "3,49€",
            "ItemUnit": "9,31€/l",
            "local_image_path": "Lebensmittel/Fertiggerichte/bio_rettergut_krbissuppe_mit_kokos_375_ml.jpg"
          },
          {
            "image_urls": [
              "https://www.edeka24.de/out/pictures/generated/product/1/224_224_90/leimer_markkloeschen_4000186035502.jpg"
            ],
            "ItemTitle": "Leimer Markklößchen 100G",
            "ItemPrice": "1,59€",
            "ItemUnit": "15,90€/kg",
            "local_image_path": "Lebensmittel/Fertiggerichte/leimer_markkloeschen_4000186035502.jpg"
          },
          {
            "image_urls": [
              "https://www.edeka24.de/out/pictures/generated/product/1/224_224_90/sonnen_bassermann_mein_leichter_genuss_zwiebelhackbraten.jpg"
            ],
            "ItemTitle": "Sonnen Bassermann Mein Leichter Genuss Zwiebel-Hackbraten 400G",
            "ItemPrice": "3,99€",
            "ItemUnit": "9,98€/kg",
            "local_image_path": "Lebensmittel/Fertiggerichte/sonnen_bassermann_mein_leichter_genuss_zwiebelhackbraten.jpg"
          },
          {
            "image_urls": [
              "https://www.edeka24.de/out/pictures/generated/product/1/224_224_90/knorr_spaghetteria_spinaci_160g(1).jpg"
            ],
            "ItemTitle": "Knorr Spaghetteria Spinaci 160G",
            "ItemPrice": "1,49€",
            "ItemUnit": "9,31€/kg",
            "local_image_path": "Lebensmittel/Fertiggerichte/knorr_spaghetteria_spinaci_160g(1).jpg"
          },
          {
            "image_urls": [
              "https://www.edeka24.de/out/pictures/generated/product/1/224_224_90/knorr_asia_noodles_huhn_70g.jpg"
            ],
            "ItemTitle": "Knorr Asia Noodles Huhn 70G",
            "ItemPrice": "0,69€",
            "ItemUnit": "9,86€/kg",
            "local_image_path": "Lebensmittel/Fertiggerichte/knorr_asia_noodles_huhn_70g.jpg"
          },
          {
            "image_urls": [
              "https://www.edeka24.de/out/pictures/generated/product/1/224_224_90/strhl_kse_fondue_classic.jpg"
            ],
            "ItemTitle": "Strähl Käse Fondue Classic 400G",
            "ItemPrice": "5,79€",
            "ItemUnit": "14,48€/kg",
            "local_image_path": "Lebensmittel/Fertiggerichte/strhl_kse_fondue_classic.jpg"
          },
          {
            "image_urls": [
              "https://www.edeka24.de/out/pictures/generated/product/1/224_224_90/nissin_soba_cup_sukiyaki_beef_89g.jpg"
            ],
            "ItemTitle": "Nissin Cup Noodles Soba Sukiyaki Beef 89G",
            "ItemPrice": "1,89€",
            "ItemUnit": "21,24€/kg",
            "local_image_path": "Lebensmittel/Fertiggerichte/nissin_soba_cup_sukiyaki_beef_89g.jpg"
          },
          {
            "image_urls": [
              "https://www.edeka24.de/out/pictures/generated/product/1/224_224_90/maggi_guten_appetit_rindfleisch_suppe_famp252r_1l.jpg"
            ],
            "ItemTitle": "Maggi Guten Appetit Rindfleisch Suppe ergibt 1L",
            "ItemPrice": "1,09€",
            "ItemUnit": "1,09€/l",
            "local_image_path": "Lebensmittel/Fertiggerichte/maggi_guten_appetit_rindfleisch_suppe_famp252r_1l.jpg"
          },
          {
            "image_urls": [
              "https://www.edeka24.de/out/pictures/generated/product/1/224_224_90/knorr_suppenliebe_buchstaben_suppe_82g.jpg"
            ],
            "ItemTitle": "Knorr Suppenliebe Buchstaben Suppe 82G",
            "ItemPrice": "1,09€",
            "ItemUnit": "13,29€/kg",
            "local_image_path": "Lebensmittel/Fertiggerichte/knorr_suppenliebe_buchstaben_suppe_82g.jpg"
          },
          {
            "image_urls": [
              "https://www.edeka24.de/out/pictures/generated/product/1/224_224_90/erasco_klare_hhnernudelsuppe_mit_hhnerbrhe_390_ml.jpg"
            ],
            "ItemTitle": "Erasco Hühner-Nudelsuppe 390ML",
            "ItemPrice": "1,69€",
            "ItemUnit": "4,33€/l",
            "local_image_path": "Lebensmittel/Fertiggerichte/erasco_klare_hhnernudelsuppe_mit_hhnerbrhe_390_ml.jpg"
          },
          {
            "image_urls": [
              "https://www.edeka24.de/out/pictures/generated/product/1/224_224_90/alnatura_bio_kichererbsen_kokoseintopf.jpg"
            ],
            "ItemTitle": "Alnatura Bio Kichererbsen Kokos-Eintopf 400G",
            "ItemPrice": "2,69€",
            "ItemUnit": "6,73€/kg",
            "local_image_path": "Lebensmittel/Fertiggerichte/alnatura_bio_kichererbsen_kokoseintopf.jpg"
          },
          {
            "image_urls": [
              "https://www.edeka24.de/out/pictures/generated/product/1/224_224_90/mama_instantnudeln_huhn_55g.jpg"
            ],
            "ItemTitle": "Mama Instantnudeln Huhn 55G",
            "ItemPrice": "0,89€",
            "ItemUnit": "16,18€/kg",
            "local_image_path": "Lebensmittel/Fertiggerichte/mama_instantnudeln_huhn_55g.jpg"
          },
          {
            "image_urls": [
              "https://www.edeka24.de/out/pictures/generated/product/1/224_224_90/knorrgebnudhuihn.jpg"
            ],
            "ItemTitle": "Knorr Asia Gebratene Nudeln Huhn 121G",
            "ItemPrice": "1,49€",
            "ItemUnit": "12,31€/kg",
            "local_image_path": "Lebensmittel/Fertiggerichte/knorrgebnudhuihn.jpg"
          },
          {
            "image_urls": [
              "https://www.edeka24.de/out/pictures/generated/product/1/224_224_90/nissin_soba_cup_teriyaki_90g.jpg"
            ],
            "ItemTitle": "Nissin Cup Noodles Soba Teriyaki 90G",
            "ItemPrice": "1,89€",
            "ItemUnit": "21,00€/kg",
            "local_image_path": "Lebensmittel/Fertiggerichte/nissin_soba_cup_teriyaki_90g.jpg"
          },
          {
            "image_urls": [
              "https://www.edeka24.de/out/pictures/generated/product/1/224_224_90/erasco_westflischer_linseneintopf_mit_essig_800g.jpg"
            ],
            "ItemTitle": "Erasco Westfälischer Linsen-Eintopf mit Essig 800G",
            "ItemPrice": "3,49€",
            "ItemUnit": "4,36€/kg",
            "local_image_path": "Lebensmittel/Würzmittel & Brühen/erasco_westflischer_linseneintopf_mit_essig_800g.jpg"
          },
          {
            "image_urls": [
              "https://www.edeka24.de/out/pictures/generated/product/1/224_224_90/maggi_guten_appetit_spargel_cremesuppe_ergibt_750ml.jpg"
            ],
            "ItemTitle": "Maggi Guten Appetit Spargel Cremesuppe ergibt 750ML",
            "ItemPrice": "1,09€",
            "ItemUnit": "1,45€/l",
            "local_image_path": "Lebensmittel/Fertiggerichte/maggi_guten_appetit_spargel_cremesuppe_ergibt_750ml.jpg"
          },
          {
            "image_urls": [
              "https://www.edeka24.de/out/pictures/generated/product/1/224_224_90/yfood_fresh_berry_trinkmahlzeit_500ml.jpg"
            ],
            "ItemTitle": "yfood Fresh Berry Trinkmahlzeit 500ML",
            "ItemPrice": "4,29€",
            "ItemUnit": "8,58€/l",
            "local_image_path": "Drogerie/Nahrungsergänzungsmittel/yfood_fresh_berry_trinkmahlzeit_500ml.jpg"
          },
          {
            "image_urls": [
              "https://www.edeka24.de/out/pictures/generated/product/1/224_224_90/erasco_erbsen_eintopf_hubertus_800_g.jpg"
            ],
            "ItemTitle": "Erasco Erbsen-Eintopf Hubertus 800G",
            "ItemPrice": "3,49€",
            "ItemUnit": "4,36€/kg",
            "local_image_path": "Lebensmittel/Fertiggerichte/erasco_erbsen_eintopf_hubertus_800_g.jpg"
          },
          {
            "image_urls": [
              "https://www.edeka24.de/out/pictures/generated/product/1/224_224_90/maggiraviolidiavoli.jpg"
            ],
            "ItemTitle": "Maggi Ravioli Diavoli 800G",
            "ItemPrice": "3,29€",
            "ItemUnit": "4,11€/kg",
            "local_image_path": "Lebensmittel/Fertiggerichte/maggiraviolidiavoli.jpg"
          },
          {
            "image_urls": [
              "https://www.edeka24.de/out/pictures/generated/product/1/224_224_90/graupen-topf1portion.jpg"
            ],
            "ItemTitle": "Erasco 1 Portion Graupen-Topf 400G",
            "ItemPrice": "1,89€",
            "ItemUnit": "4,73€/kg",
            "local_image_path": "Wein/ Spirituosen/Spirituosen/highland_park_18_jahre_single_malt_whisky.jpg"
          },
          {
            "image_urls": [
              "https://www.edeka24.de/out/pictures/generated/product/1/224_224_90/img_2224.jpg"
            ],
            "ItemTitle": "Ehrmann Foodie Vanilla 400ml",
            "ItemPrice": "3,79€",
            "ItemUnit": "9,48€/l",
            "local_image_path": "Wein/ Spirituosen/Spirituosen/highland_park_18_jahre_single_malt_whisky.jpg"
          },
          {
            "image_urls": [
              "https://www.edeka24.de/out/pictures/generated/product/1/224_224_90/maggi_fr_genieer_lauch_cremesuppe_ergibt_500ml.jpg"
            ],
            "ItemTitle": "Maggi Für Genießer Lauch Cremesuppe ergibt 500ML",
            "ItemPrice": "1,39€",
            "ItemUnit": "2,78€/l",
            "local_image_path": "Lebensmittel/Fertiggerichte/maggi_fr_genieer_lauch_cremesuppe_ergibt_500ml.jpg"
          },
          {
            "image_urls": [
              "https://www.edeka24.de/out/pictures/generated/product/1/224_224_90/simonrinderrouladen.jpg"
            ],
            "ItemTitle": "Simon 2 Rinderrouladen in pikanter Sauce 400G",
            "ItemPrice": "6,99€",
            "ItemUnit": "17,48€/kg",
            "local_image_path": "Lebensmittel/Fertiggerichte/simonrinderrouladen.jpg"
          },
          {
            "image_urls": [
              "https://www.edeka24.de/out/pictures/generated/product/1/224_224_90/erasco_tomatencremesuppe_390_ml.jpg"
            ],
            "ItemTitle": "Erasco Tomaten Cremesuppe 390ML",
            "ItemPrice": "1,69€",
            "ItemUnit": "4,33€/l",
            "local_image_path": "Wein/ Spirituosen/Spirituosen/highland_park_18_jahre_single_malt_whisky.jpg"
          },
          {
            "image_urls": [
              "https://www.edeka24.de/out/pictures/generated/product/1/224_224_90/yfood_alpine_chocolate_trinkmahlzeit_500ml.jpg"
            ],
            "ItemTitle": "yfood Classic Chocolate Trinkmahlzeit 500ML",
            "ItemPrice": "4,29€",
            "ItemUnit": "8,58€/l",
            "local_image_path": "Drogerie/Nahrungsergänzungsmittel/yfood_alpine_chocolate_trinkmahlzeit_500ml.jpg"
          },
          {
            "image_urls": [
              "https://www.edeka24.de/out/pictures/generated/product/1/224_224_90/knorr_suppenliebe_grieklchen_suppe_36g.jpg"
            ],
            "ItemTitle": "Knorr Suppenliebe Grießklößchen Suppe 36G",
            "ItemPrice": "1,09€",
            "ItemUnit": "30,28€/kg",
            "local_image_path": "Lebensmittel/Fertiggerichte/knorr_suppenliebe_grieklchen_suppe_36g.jpg"
          },
          {
            "image_urls": [
              "https://www.edeka24.de/out/pictures/generated/product/1/224_224_90/maggi_guten_appetit_suppe_tomate_mit_langkornreis_famp252r_750ml.jpg"
            ],
            "ItemTitle": "Maggi Guten Appetit Klassische Tomatensuppe mit Langkornreis ergibt 750ML",
            "ItemPrice": "1,09€",
            "ItemUnit": "1,45€/l",
            "local_image_path": "Wein/ Spirituosen/Spirituosen/highland_park_18_jahre_single_malt_whisky.jpg"
          },
          {
            "image_urls": [
              "https://www.edeka24.de/out/pictures/generated/product/1/224_224_90/maggiravioligemse.jpg"
            ],
            "ItemTitle": "Maggi Ravioli Gemüse 800G",
            "ItemPrice": "3,29€",
            "ItemUnit": "4,11€/kg",
            "local_image_path": "Wein/ Spirituosen/Spirituosen/highland_park_18_jahre_single_malt_whisky.jpg"
          },
          {
            "image_urls": [
              "https://www.edeka24.de/out/pictures/generated/product/1/224_224_90/erasco_chili_con_carne_400_g.jpg"
            ],
            "ItemTitle": "Erasco Chili con Carne 400G",
            "ItemPrice": "2,89€",
            "ItemUnit": "7,23€/kg",
            "local_image_path": "Lebensmittel/Fertiggerichte/erasco_chili_con_carne_400_g.jpg"
          },
          {
            "image_urls": [
              "https://www.edeka24.de/out/pictures/generated/product/1/224_224_90/yfood_cold_brew_coffee_trinkmahlzeit_500ml.jpg"
            ],
            "ItemTitle": "yfood Cold Brew Coffee Trinkmahlzeit 500ML",
            "ItemPrice": "4,29€",
            "ItemUnit": "8,58€/l",
            "local_image_path": "Drogerie/Nahrungsergänzungsmittel/yfood_cold_brew_coffee_trinkmahlzeit_500ml.jpg"
          },
          {
            "image_urls": [
              "https://www.edeka24.de/out/pictures/generated/product/1/224_224_90/erasco_pichelsteiner_topf_800_g.jpg"
            ],
            "ItemTitle": "Erasco Pichelsteiner Topf 800G",
            "ItemPrice": "3,49€",
            "ItemUnit": "4,36€/kg",
            "local_image_path": "Wein/ Spirituosen/Spirituosen/highland_park_18_jahre_single_malt_whisky.jpg"
          },
          {
            "image_urls": [
              "https://www.edeka24.de/out/pictures/generated/product/1/224_224_90/b9f6e98404bac02f2318460886771357-4005500306504.jpg"
            ],
            "ItemTitle": "Maggi Fette Brühe 10ST 100G",
            "ItemPrice": "1,29€",
            "ItemUnit": "12,90€/kg",
            "local_image_path": "Lebensmittel/Würzmittel & Brühen/b9f6e98404bac02f2318460886771357-4005500306504.jpg"
          },
          {
            "image_urls": [
              "https://www.edeka24.de/out/pictures/generated/product/1/224_224_90/little_lunch_bio_gulaschsuppe_350ml.jpg"
            ],
            "ItemTitle": "Little Lunch Bio Gulaschsuppe 350ML",
            "ItemPrice": "3,89€",
            "ItemUnit": "11,11€/l",
            "local_image_path": "Wein/ Spirituosen/Spirituosen/highland_park_18_jahre_single_malt_whisky.jpg"
          },
          {
            "image_urls": [
              "https://www.edeka24.de/out/pictures/generated/product/1/224_224_90/knorr_suppenliebe_sternchen_suppe_famp252r_1l_84g.jpg"
            ],
            "ItemTitle": "Knorr Suppenliebe Sternchen Suppe 84G",
            "ItemPrice": "1,09€",
            "ItemUnit": "12,98€/kg",
            "local_image_path": "Wein/ Spirituosen/Spirituosen/highland_park_18_jahre_single_malt_whisky.jpg"
          },
          {
            "image_urls": [
              "https://www.edeka24.de/out/pictures/generated/product/1/224_224_90/sberbein.jpg"
            ],
            "ItemTitle": "Sonnen Bassermann Erbsentopf mit herzhaften Würstchen 800G",
            "ItemPrice": "3,49€",
            "ItemUnit": "4,36€/kg",
            "local_image_path": "Wein/ Spirituosen/Spirituosen/highland_park_18_jahre_single_malt_whisky.jpg"
          },
          {
            "image_urls": [
              "https://www.edeka24.de/out/pictures/generated/product/1/224_224_90/yfood_trinkmahlzeit_perfect_pistachio_500ml.jpg"
            ],
            "ItemTitle": "Yfood Trinkmahlzeit Perfect Pistachio 500ML",
            "ItemPrice": "4,29€",
            "ItemUnit": "8,58€/l",
            "local_image_path": "Lebensmittel/Fertiggerichte/yfood_trinkmahlzeit_perfect_pistachio_500ml.jpg"
          },
          {
            "image_urls": [
              "https://www.edeka24.de/out/pictures/generated/product/1/224_224_90/knorr_suppenliebe_hochzeit_famp252r_075l_42g.jpg"
            ],
            "ItemTitle": "Knorr Suppenliebe Hochzeits Suppe 42G",
            "ItemPrice": "1,09€",
            "ItemUnit": "25,95€/kg",
            "local_image_path": "Wein/ Spirituosen/Spirituosen/highland_park_18_jahre_single_malt_whisky.jpg"
          },
          {
            "image_urls": [
              "https://www.edeka24.de/out/pictures/generated/product/1/224_224_90/alnatgemvollburg.jpg"
            ],
            "ItemTitle": "Alnatura Bio Gemüse Vollkorn Burger 210G",
            "ItemPrice": "2,49€",
            "ItemUnit": "11,86€/kg",
            "local_image_path": "Lebensmittel/Beilagen/alnatgemvollburg.jpg"
          },
          {
            "image_urls": [
              "https://www.edeka24.de/out/pictures/generated/product/1/224_224_90/alnaturadinkelbackerbsen.jpg"
            ],
            "ItemTitle": "Alnatura Bio Dinkel Backerbsen 125G",
            "ItemPrice": "2,19€",
            "ItemUnit": "17,52€/kg",
            "local_image_path": "Lebensmittel/Würzmittel & Brühen/alnaturadinkelbackerbsen.jpg"
          },
          {
            "image_urls": [
              "https://www.edeka24.de/out/pictures/generated/product/1/224_224_90/erasco_mediterrane_tomatensuppe_390ml.jpg"
            ],
            "ItemTitle": "Erasco Mediterrane Tomatensuppe 390ML",
            "ItemPrice": "1,69€",
            "ItemUnit": "4,33€/l",
            "local_image_path": "Lebensmittel/Fertiggerichte/erasco_mediterrane_tomatensuppe_390ml.jpg"
          },
          {
            "image_urls": [
              "https://www.edeka24.de/out/pictures/generated/product/1/224_224_90/4104420017023-alnatura-bio-gemse-nudel-suppe.jpg"
            ],
            "ItemTitle": "Alnatura Bio Gemüse-Nudel Suppe 40G",
            "ItemPrice": "1,29€",
            "ItemUnit": "32,25€/kg",
            "local_image_path": "Bio-Produkte/Lebensmittel von Alnatura/4104420017023-alnatura-bio-gemse-nudel-suppe.jpg"
          },
          {
            "image_urls": [
              "https://www.edeka24.de/out/pictures/generated/product/1/224_224_90/erasco_serbische_bohnensuppe_750_ml.jpg"
            ],
            "ItemTitle": "Erasco Serbische Bohnensuppe 750ML",
            "ItemPrice": "3,49€",
            "ItemUnit": "4,65€/l",
            "local_image_path": "Lebensmittel/Fertiggerichte/erasco_serbische_bohnensuppe_750_ml.jpg"
          },
          {
            "image_urls": [
              "https://www.edeka24.de/out/pictures/generated/product/1/224_224_90/knorrgebnudhuihn.jpg"
            ],
            "ItemTitle": "Knorr Asia Gebratene Nudeln Huhn 121G",
            "ItemPrice": "1,49€",
            "ItemUnit": "12,31€/kg",
            "local_image_path": "Lebensmittel/Fertiggerichte/knorrgebnudhuihn.jpg"
          },
          {
            "image_urls": [
              "https://www.edeka24.de/out/pictures/generated/product/1/224_224_90/nissin_soba_cup_teriyaki_90g.jpg"
            ],
            "ItemTitle": "Nissin Cup Noodles Soba Teriyaki 90G",
            "ItemPrice": "1,89€",
            "ItemUnit": "21,00€/kg",
            "local_image_path": "Lebensmittel/Fertiggerichte/nissin_soba_cup_teriyaki_90g.jpg"
          },
          {
            "image_urls": [
              "https://www.edeka24.de/out/pictures/generated/product/1/224_224_90/erasco_westflischer_linseneintopf_mit_essig_800g.jpg"
            ],
            "ItemTitle": "Erasco Westfälischer Linsen-Eintopf mit Essig 800G",
            "ItemPrice": "3,49€",
            "ItemUnit": "4,36€/kg",
            "local_image_path": "Lebensmittel/Würzmittel & Brühen/erasco_westflischer_linseneintopf_mit_essig_800g.jpg"
          },
          {
            "image_urls": [
              "https://www.edeka24.de/out/pictures/generated/product/1/224_224_90/maggi_guten_appetit_spargel_cremesuppe_ergibt_750ml.jpg"
            ],
            "ItemTitle": "Maggi Guten Appetit Spargel Cremesuppe ergibt 750ML",
            "ItemPrice": "1,09€",
            "ItemUnit": "1,45€/l",
            "local_image_path": "Lebensmittel/Fertiggerichte/maggi_guten_appetit_spargel_cremesuppe_ergibt_750ml.jpg"
          },
          {
            "image_urls": [
              "https://www.edeka24.de/out/pictures/generated/product/1/224_224_90/yfood_fresh_berry_trinkmahlzeit_500ml.jpg"
            ],
            "ItemTitle": "yfood Fresh Berry Trinkmahlzeit 500ML",
            "ItemPrice": "4,29€",
            "ItemUnit": "8,58€/l",
            "local_image_path": "Drogerie/Nahrungsergänzungsmittel/yfood_fresh_berry_trinkmahlzeit_500ml.jpg"
          },
          {
            "image_urls": [
              "https://www.edeka24.de/out/pictures/generated/product/1/224_224_90/erasco_erbsen_eintopf_hubertus_800_g.jpg"
            ],
            "ItemTitle": "Erasco Erbsen-Eintopf Hubertus 800G",
            "ItemPrice": "3,49€",
            "ItemUnit": "4,36€/kg",
            "local_image_path": "Lebensmittel/Fertiggerichte/erasco_erbsen_eintopf_hubertus_800_g.jpg"
          },
          {
            "image_urls": [
              "https://www.edeka24.de/out/pictures/generated/product/1/224_224_90/maggiraviolidiavoli.jpg"
            ],
            "ItemTitle": "Maggi Ravioli Diavoli 800G",
            "ItemPrice": "3,29€",
            "ItemUnit": "4,11€/kg",
            "local_image_path": "Lebensmittel/Fertiggerichte/maggiraviolidiavoli.jpg"
          },
          {
            "image_urls": [
              "https://www.edeka24.de/out/pictures/generated/product/1/224_224_90/graupen-topf1portion.jpg"
            ],
            "ItemTitle": "Erasco 1 Portion Graupen-Topf 400G",
            "ItemPrice": "1,89€",
            "ItemUnit": "4,73€/kg",
            "local_image_path": "Wein/ Spirituosen/Spirituosen/highland_park_18_jahre_single_malt_whisky.jpg"
          },
          {
            "image_urls": [
              "https://www.edeka24.de/out/pictures/generated/product/1/224_224_90/img_2224.jpg"
            ],
            "ItemTitle": "Ehrmann Foodie Vanilla 400ml",
            "ItemPrice": "3,79€",
            "ItemUnit": "9,48€/l",
            "local_image_path": "Wein/ Spirituosen/Spirituosen/highland_park_18_jahre_single_malt_whisky.jpg"
          },
          {
            "image_urls": [
              "https://www.edeka24.de/out/pictures/generated/product/1/224_224_90/maggi_fr_genieer_lauch_cremesuppe_ergibt_500ml.jpg"
            ],
            "ItemTitle": "Maggi Für Genießer Lauch Cremesuppe ergibt 500ML",
            "ItemPrice": "1,39€",
            "ItemUnit": "2,78€/l",
            "local_image_path": "Lebensmittel/Fertiggerichte/maggi_fr_genieer_lauch_cremesuppe_ergibt_500ml.jpg"
          },
          {
            "image_urls": [
              "https://www.edeka24.de/out/pictures/generated/product/1/224_224_90/simonrinderrouladen.jpg"
            ],
            "ItemTitle": "Simon 2 Rinderrouladen in pikanter Sauce 400G",
            "ItemPrice": "6,99€",
            "ItemUnit": "17,48€/kg",
            "local_image_path": "Lebensmittel/Fertiggerichte/simonrinderrouladen.jpg"
          },
          {
            "image_urls": [
              "https://www.edeka24.de/out/pictures/generated/product/1/224_224_90/erasco_tomatencremesuppe_390_ml.jpg"
            ],
            "ItemTitle": "Erasco Tomaten Cremesuppe 390ML",
            "ItemPrice": "1,69€",
            "ItemUnit": "4,33€/l",
            "local_image_path": "Wein/ Spirituosen/Spirituosen/highland_park_18_jahre_single_malt_whisky.jpg"
          },
          {
            "image_urls": [
              "https://www.edeka24.de/out/pictures/generated/product/1/224_224_90/yfood_alpine_chocolate_trinkmahlzeit_500ml.jpg"
            ],
            "ItemTitle": "yfood Classic Chocolate Trinkmahlzeit 500ML",
            "ItemPrice": "4,29€",
            "ItemUnit": "8,58€/l",
            "local_image_path": "Drogerie/Nahrungsergänzungsmittel/yfood_alpine_chocolate_trinkmahlzeit_500ml.jpg"
          },
          {
            "image_urls": [
              "https://www.edeka24.de/out/pictures/generated/product/1/224_224_90/knorr_suppenliebe_grieklchen_suppe_36g.jpg"
            ],
            "ItemTitle": "Knorr Suppenliebe Grießklößchen Suppe 36G",
            "ItemPrice": "1,09€",
            "ItemUnit": "30,28€/kg",
            "local_image_path": "Lebensmittel/Fertiggerichte/knorr_suppenliebe_grieklchen_suppe_36g.jpg"
          },
          {
            "image_urls": [
              "https://www.edeka24.de/out/pictures/generated/product/1/224_224_90/maggi_guten_appetit_suppe_tomate_mit_langkornreis_famp252r_750ml.jpg"
            ],
            "ItemTitle": "Maggi Guten Appetit Klassische Tomatensuppe mit Langkornreis ergibt 750ML",
            "ItemPrice": "1,09€",
            "ItemUnit": "1,45€/l",
            "local_image_path": "Wein/ Spirituosen/Spirituosen/highland_park_18_jahre_single_malt_whisky.jpg"
          },
          {
            "image_urls": [
              "https://www.edeka24.de/out/pictures/generated/product/1/224_224_90/maggiravioligemse.jpg"
            ],
            "ItemTitle": "Maggi Ravioli Gemüse 800G",
            "ItemPrice": "3,29€",
            "ItemUnit": "4,11€/kg",
            "local_image_path": "Wein/ Spirituosen/Spirituosen/highland_park_18_jahre_single_malt_whisky.jpg"
          },
          {
            "image_urls": [
              "https://www.edeka24.de/out/pictures/generated/product/1/224_224_90/erasco_chili_con_carne_400_g.jpg"
            ],
            "ItemTitle": "Erasco Chili con Carne 400G",
            "ItemPrice": "2,89€",
            "ItemUnit": "7,23€/kg",
            "local_image_path": "Lebensmittel/Fertiggerichte/erasco_chili_con_carne_400_g.jpg"
          },
          {
            "image_urls": [
              "https://www.edeka24.de/out/pictures/generated/product/1/224_224_90/yfood_cold_brew_coffee_trinkmahlzeit_500ml.jpg"
            ],
            "ItemTitle": "yfood Cold Brew Coffee Trinkmahlzeit 500ML",
            "ItemPrice": "4,29€",
            "ItemUnit": "8,58€/l",
            "local_image_path": "Drogerie/Nahrungsergänzungsmittel/yfood_cold_brew_coffee_trinkmahlzeit_500ml.jpg"
          },
          {
            "image_urls": [
              "https://www.edeka24.de/out/pictures/generated/product/1/224_224_90/erasco_pichelsteiner_topf_800_g.jpg"
            ],
            "ItemTitle": "Erasco Pichelsteiner Topf 800G",
            "ItemPrice": "3,49€",
            "ItemUnit": "4,36€/kg",
            "local_image_path": "Wein/ Spirituosen/Spirituosen/highland_park_18_jahre_single_malt_whisky.jpg"
          },
          {
            "image_urls": [
              "https://www.edeka24.de/out/pictures/generated/product/1/224_224_90/b9f6e98404bac02f2318460886771357-4005500306504.jpg"
            ],
            "ItemTitle": "Maggi Fette Brühe 10ST 100G",
            "ItemPrice": "1,29€",
            "ItemUnit": "12,90€/kg",
            "local_image_path": "Lebensmittel/Würzmittel & Brühen/b9f6e98404bac02f2318460886771357-4005500306504.jpg"
          },
          {
            "image_urls": [
              "https://www.edeka24.de/out/pictures/generated/product/1/224_224_90/little_lunch_bio_gulaschsuppe_350ml.jpg"
            ],
            "ItemTitle": "Little Lunch Bio Gulaschsuppe 350ML",
            "ItemPrice": "3,89€",
            "ItemUnit": "11,11€/l",
            "local_image_path": "Wein/ Spirituosen/Spirituosen/highland_park_18_jahre_single_malt_whisky.jpg"
          },
          {
            "image_urls": [
              "https://www.edeka24.de/out/pictures/generated/product/1/224_224_90/knorr_suppenliebe_sternchen_suppe_famp252r_1l_84g.jpg"
            ],
            "ItemTitle": "Knorr Suppenliebe Sternchen Suppe 84G",
            "ItemPrice": "1,09€",
            "ItemUnit": "12,98€/kg",
            "local_image_path": "Wein/ Spirituosen/Spirituosen/highland_park_18_jahre_single_malt_whisky.jpg"
          },
          {
            "image_urls": [
              "https://www.edeka24.de/out/pictures/generated/product/1/224_224_90/sberbein.jpg"
            ],
            "ItemTitle": "Sonnen Bassermann Erbsentopf mit herzhaften Würstchen 800G",
            "ItemPrice": "3,49€",
            "ItemUnit": "4,36€/kg",
            "local_image_path": "Wein/ Spirituosen/Spirituosen/highland_park_18_jahre_single_malt_whisky.jpg"
          },
          {
            "image_urls": [
              "https://www.edeka24.de/out/pictures/generated/product/1/224_224_90/yfood_trinkmahlzeit_perfect_pistachio_500ml.jpg"
            ],
            "ItemTitle": "Yfood Trinkmahlzeit Perfect Pistachio 500ML",
            "ItemPrice": "4,29€",
            "ItemUnit": "8,58€/l",
            "local_image_path": "Lebensmittel/Fertiggerichte/yfood_trinkmahlzeit_perfect_pistachio_500ml.jpg"
          },
          {
            "image_urls": [
              "https://www.edeka24.de/out/pictures/generated/product/1/224_224_90/knorr_suppenliebe_hochzeit_famp252r_075l_42g.jpg"
            ],
            "ItemTitle": "Knorr Suppenliebe Hochzeits Suppe 42G",
            "ItemPrice": "1,09€",
            "ItemUnit": "25,95€/kg",
            "local_image_path": "Wein/ Spirituosen/Spirituosen/highland_park_18_jahre_single_malt_whisky.jpg"
          },
          {
            "image_urls": [
              "https://www.edeka24.de/out/pictures/generated/product/1/224_224_90/alnatgemvollburg.jpg"
            ],
            "ItemTitle": "Alnatura Bio Gemüse Vollkorn Burger 210G",
            "ItemPrice": "2,49€",
            "ItemUnit": "11,86€/kg",
            "local_image_path": "Lebensmittel/Beilagen/alnatgemvollburg.jpg"
          },
          {
            "image_urls": [
              "https://www.edeka24.de/out/pictures/generated/product/1/224_224_90/alnaturadinkelbackerbsen.jpg"
            ],
            "ItemTitle": "Alnatura Bio Dinkel Backerbsen 125G",
            "ItemPrice": "2,19€",
            "ItemUnit": "17,52€/kg",
            "local_image_path": "Lebensmittel/Würzmittel & Brühen/alnaturadinkelbackerbsen.jpg"
          },
          {
            "image_urls": [
              "https://www.edeka24.de/out/pictures/generated/product/1/224_224_90/erasco_mediterrane_tomatensuppe_390ml.jpg"
            ],
            "ItemTitle": "Erasco Mediterrane Tomatensuppe 390ML",
            "ItemPrice": "1,69€",
            "ItemUnit": "4,33€/l",
            "local_image_path": "Lebensmittel/Fertiggerichte/erasco_mediterrane_tomatensuppe_390ml.jpg"
          },
          {
            "image_urls": [
              "https://www.edeka24.de/out/pictures/generated/product/1/224_224_90/4104420017023-alnatura-bio-gemse-nudel-suppe.jpg"
            ],
            "ItemTitle": "Alnatura Bio Gemüse-Nudel Suppe 40G",
            "ItemPrice": "1,29€",
            "ItemUnit": "32,25€/kg",
            "local_image_path": "Bio-Produkte/Lebensmittel von Alnatura/4104420017023-alnatura-bio-gemse-nudel-suppe.jpg"
          },
          {
            "image_urls": [
              "https://www.edeka24.de/out/pictures/generated/product/1/224_224_90/erasco_serbische_bohnensuppe_750_ml.jpg"
            ],
            "ItemTitle": "Erasco Serbische Bohnensuppe 750ML",
            "ItemPrice": "3,49€",
            "ItemUnit": "4,65€/l",
            "local_image_path": "Lebensmittel/Fertiggerichte/erasco_serbische_bohnensuppe_750_ml.jpg"
          },
          {
            "image_urls": [
              "https://www.edeka24.de/out/pictures/generated/product/1/224_224_90/rgrisotto_pronsafran_210g.jpg"
            ],
            "ItemTitle": "Gallo Risotto Pronto a la Milanese mit Safran 210G",
            "ItemPrice": "3,29€",
            "ItemUnit": "15,67€/kg",
            "local_image_path": "Lebensmittel/Fertiggerichte/rgrisotto_pronsafran_210g.jpg"
          },
          {
            "image_urls": [
              "https://www.edeka24.de/out/pictures/generated/product/1/224_224_90/knorr_feinschmecker_kartoffelsuppe_mit_creme_fraiche_suppe_70g.jpg"
            ],
            "ItemTitle": "Knorr Feinschmecker Kartoffelsuppe mit Creme Fraiche Suppe 70G",
            "ItemPrice": "1,59€",
            "ItemUnit": "22,71€/kg",
            "local_image_path": "Lebensmittel/Fertiggerichte/knorr_feinschmecker_kartoffelsuppe_mit_creme_fraiche_suppe_70g.jpg"
          },
          {
            "image_urls": [
              "https://www.edeka24.de/out/pictures/generated/product/1/224_224_90/maggi_fr_genieer_broccoli_cremesuppe_50g.jpg"
            ],
            "ItemTitle": "Maggi Für Genießer Broccoli Creme-Suppe ergibt 500ML",
            "ItemPrice": "1,39€",
            "ItemUnit": "2,78€/l",
            "local_image_path": "Lebensmittel/Fertiggerichte/maggi_fr_genieer_broccoli_cremesuppe_50g.jpg"
          },
          {
            "image_urls": [
              "https://www.edeka24.de/out/pictures/generated/product/1/224_224_90/erasco_ungarische_gulaschsuppe_770_ml.jpg"
            ],
            "ItemTitle": "Erasco Ungarische Gulaschsuppe 770ML",
            "ItemPrice": "4,29€",
            "ItemUnit": "5,57€/l",
            "local_image_path": "Lebensmittel/Fertiggerichte/erasco_ungarische_gulaschsuppe_770_ml.jpg"
          },
          {
            "image_urls": [
              "https://www.edeka24.de/out/pictures/generated/product/1/224_224_90/bruehwuerfel_10er_p1.jpg"
            ],
            "ItemTitle": "Maggi Brühwürfel 10ST 40G",
            "ItemPrice": "1,29€",
            "ItemUnit": "32,25€/kg",
            "local_image_path": "Lebensmittel/Fertiggerichte/bruehwuerfel_10er_p1.jpg"
          },
          {
            "image_urls": [
              "https://www.edeka24.de/out/pictures/generated/product/1/224_224_90/yfoodchoco.jpg"
            ],
            "ItemTitle": "yfood Choco Vegan Trinkmahlzeit 500ML",
            "ItemPrice": "4,49€",
            "ItemUnit": "8,98€/l",
            "local_image_path": "Lebensmittel/Fertiggerichte/yfoodchoco.jpg"
          },
          {
            "image_urls": [
              "https://www.edeka24.de/out/pictures/generated/product/1/224_224_90/maggi_guten_appetit_eiermuschelsuppe.jpg"
            ],
            "ItemTitle": "Maggi Guten Appetit! Eiermuschel-Suppe ergibt 1L",
            "ItemPrice": "1,09€",
            "ItemUnit": "1,09€/l",
            "local_image_path": "Lebensmittel/Fertiggerichte/maggi_guten_appetit_eiermuschelsuppe.jpg"
          },
          {
            "image_urls": [
              "https://www.edeka24.de/out/pictures/generated/product/1/224_224_90/bio_maggi_hamp252hner_suppe_famp252r_500ml.jpg"
            ],
            "ItemTitle": "Maggi Bio Hühner Suppe ergibt 500ML",
            "ItemPrice": "1,39€",
            "ItemUnit": "2,78€/l",
            "local_image_path": "Lebensmittel/Fertiggerichte/bio_maggi_hamp252hner_suppe_famp252r_500ml.jpg"
          },
          {
            "image_urls": [
              "https://www.edeka24.de/out/pictures/generated/product/1/224_224_90/yfcrazycoco.jpg"
            ],
            "ItemTitle": "yfood Crazy Coconut Trinkmahlzeit 500ML",
            "ItemPrice": "4,29€",
            "ItemUnit": "8,58€/l",
            "local_image_path": "Lebensmittel/Fertiggerichte/yfcrazycoco.jpg"
          },
          {
            "image_urls": [
              "https://www.edeka24.de/out/pictures/generated/product/1/224_224_90/indonesia_bihunsuppe.jpg"
            ],
            "ItemTitle": "Indonesia Bihunsuppe 390ML",
            "ItemPrice": "2,49€",
            "ItemUnit": "6,38€/l",
            "local_image_path": "Lebensmittel/Fertiggerichte/indonesia_bihunsuppe.jpg"
          },
          {
            "image_urls": [
              "https://www.edeka24.de/out/pictures/generated/product/1/224_224_90/maggi_fr_genieer_rindfleisch_suppe.jpg"
            ],
            "ItemTitle": "Maggi Für Genießer Rindfleisch Suppe ergibt 750ML",
            "ItemPrice": "1,39€",
            "ItemUnit": "1,85€/l",
            "local_image_path": "Lebensmittel/Fertiggerichte/maggi_fr_genieer_rindfleisch_suppe.jpg"
          },
          {
            "image_urls": [
              "https://www.edeka24.de/out/pictures/generated/product/1/224_224_90/knorr_suppenliebe_tomatencremesuppe_62g.jpg"
            ],
            "ItemTitle": "Knorr Suppenliebe Tomatencremesuppe 62G",
            "ItemPrice": "1,09€",
            "ItemUnit": "17,58€/kg",
            "local_image_path": "Lebensmittel/Fertiggerichte/knorr_suppenliebe_tomatencremesuppe_62g.jpg"
          },
          {
            "image_urls": [
              "https://www.edeka24.de/out/pictures/generated/product/1/224_224_90/knorr_feinschmecker_krbis_cremesuppe_52_g.jpg"
            ],
            "ItemTitle": "Knorr Feinschmecker Kürbis Cremesuppe 52G",
            "ItemPrice": "1,59€",
            "ItemUnit": "30,58€/kg",
            "local_image_path": "Lebensmittel/Fertiggerichte/knorr_feinschmecker_krbis_cremesuppe_52_g.jpg"
          },
          {
            "image_urls": [
              "https://www.edeka24.de/out/pictures/generated/product/1/224_224_90/knorr_suppenliebe_spargel_cremesuppe_58g.jpg"
            ],
            "ItemTitle": "Knorr Suppenliebe Spargel Cremesuppe 58G",
            "ItemPrice": "1,09€",
            "ItemUnit": "18,79€/kg",
            "local_image_path": "Lebensmittel/Fertiggerichte/knorr_suppenliebe_spargel_cremesuppe_58g.jpg"
          },
          {
            "image_urls": [
              "https://www.edeka24.de/out/pictures/generated/product/1/224_224_90/erasco_graupentopf_800_g.jpg"
            ],
            "ItemTitle": "Erasco Graupen-Topf 800G",
            "ItemPrice": "3,49€",
            "ItemUnit": "4,36€/kg",
            "local_image_path": "Lebensmittel/Fertiggerichte/erasco_graupentopf_800_g.jpg"
          },
          {
            "image_urls": [
              "https://www.edeka24.de/out/pictures/generated/product/1/224_224_90/nissin_soba_cup_chili_92g.jpg"
            ],
            "ItemTitle": "Nissin Cup Noodles Soba Chili 92G",
            "ItemPrice": "1,89€",
            "ItemUnit": "20,54€/kg",
            "local_image_path": "Lebensmittel/Fertiggerichte/nissin_soba_cup_chili_92g.jpg"
          },
          {
            "image_urls": [
              "https://www.edeka24.de/out/pictures/generated/product/1/224_224_90/4104420016644-alnatura-bio-tomaten-cremesuppe.jpg"
            ],
            "ItemTitle": "Alnatura Bio Tomaten Cremesuppe 46G",
            "ItemPrice": "1,29€",
            "ItemUnit": "28,04€/kg",
            "local_image_path": "Lebensmittel/Fertiggerichte/4104420016644-alnatura-bio-tomaten-cremesuppe.jpg"
          },
          {
            "image_urls": [
              "https://www.edeka24.de/out/pictures/generated/product/1/224_224_90/maggi_magic_asia_gebratene_nudeln_121g.jpg"
            ],
            "ItemTitle": "Maggi Magic Asia Gebratene Nudeln 121G",
            "ItemPrice": "1,69€",
            "ItemUnit": "13,97€/kg",
            "local_image_path": "Lebensmittel/Fertiggerichte/maggi_magic_asia_gebratene_nudeln_121g.jpg"
          },
          {
            "image_urls": [
              "https://www.edeka24.de/out/pictures/generated/product/1/224_224_90/erbseneintopf.png"
            ],
            "ItemTitle": "Erasco 1 Portion Erbsen-Eintopf 400G",
            "ItemPrice": "1,89€",
            "ItemUnit": "4,73€/kg",
            "local_image_path": "Lebensmittel/Fertiggerichte/erbseneintopf.png"
          },
          {
            "image_urls": [
              "https://www.edeka24.de/out/pictures/generated/product/1/224_224_90/knorr_feinschmecker_pfifferling_suppe_famp252r_500ml_56g.jpg"
            ],
            "ItemTitle": "Knorr Feinschmecker Pfifferling Cremesuppe 56G",
            "ItemPrice": "1,59€",
            "ItemUnit": "28,39€/kg",
            "local_image_path": "Wein/ Spirituosen/Spirituosen/highland_park_18_jahre_single_malt_whisky.jpg"
          },
          {
            "image_urls": [
              "https://www.edeka24.de/out/pictures/generated/product/1/224_224_90/knorravengers.jpg"
            ],
            "ItemTitle": "Knorr Suppenliebe Avengers 41G",
            "ItemPrice": "1,09€",
            "ItemUnit": "26,59€/kg",
            "local_image_path": "Lebensmittel/Fertiggerichte/knorravengers.jpg"
          },
          {
            "image_urls": [
              "https://www.edeka24.de/out/pictures/generated/product/1/224_224_90/knorr_feinschmecker_champignon_cremesuppe_45_g.jpg"
            ],
            "ItemTitle": "Knorr Feinschmecker Champignon Cremesuppe 45G",
            "ItemPrice": "1,59€",
            "ItemUnit": "35,33€/kg",
            "local_image_path": "Wein/ Spirituosen/Spirituosen/highland_park_18_jahre_single_malt_whisky.jpg"
          },
          {
            "image_urls": [
              "https://www.edeka24.de/out/pictures/generated/product/1/224_224_90/sblinein.jpg"
            ],
            "ItemTitle": "Sonnen Bassermann Linseneintopf mit Würstchen 800G",
            "ItemPrice": "3,49€",
            "ItemUnit": "4,36€/kg",
            "local_image_path": "Lebensmittel/Fertiggerichte/sblinein.jpg"
          },
          {
            "image_urls": [
              "https://www.edeka24.de/out/pictures/generated/product/1/224_224_90/mama_instantnudeln_shrimps_60g.jpg"
            ],
            "ItemTitle": "Mama Instantnudeln Shrimps 60G",
            "ItemPrice": "0,89€",
            "ItemUnit": "14,83€/kg",
            "local_image_path": "Lebensmittel/Fertiggerichte/mama_instantnudeln_shrimps_60g.jpg"
          },
          {
            "image_urls": [
              "https://www.edeka24.de/out/pictures/generated/product/1/224_224_90/knorr_suppenliebe_rindfleisch_suppe_76g(1).jpg"
            ],
            "ItemTitle": "Knorr Suppenliebe Suppe mit Rind 76G",
            "ItemPrice": "1,09€",
            "ItemUnit": "14,34€/kg",
            "local_image_path": "Lebensmittel/Fertiggerichte/knorr_suppenliebe_rindfleisch_suppe_76g(1).jpg"
          },
          {
            "image_urls": [
              "https://www.edeka24.de/out/pictures/generated/product/1/224_224_90/lacroix_kamp252rbiscremesuppe_400ml.jpg"
            ],
            "ItemTitle": "Lacroix Kürbiscreme-Suppe 400ML",
            "ItemPrice": "3,49€",
            "ItemUnit": "8,73€/l",
            "local_image_path": "Lebensmittel/Fertiggerichte/lacroix_kamp252rbiscremesuppe_400ml.jpg"
          },
          {
            "image_urls": [
              "https://www.edeka24.de/out/pictures/generated/product/1/224_224_90/lacroixlachscremesuppe.jpg"
            ],
            "ItemTitle": "Lacroix Lachs-Creme-Suppe 400ML",
            "ItemPrice": "3,39€",
            "ItemUnit": "8,48€/l",
            "local_image_path": "Wein/ Spirituosen/Spirituosen/highland_park_18_jahre_single_malt_whisky.jpg"
          },
          {
            "image_urls": [
              "https://www.edeka24.de/out/pictures/generated/product/1/224_224_90/bgindcur.jpg"
            ],
            "ItemTitle": "Bio Gourmet Indisches Curry 250G",
            "ItemPrice": "3,99€",
            "ItemUnit": "15,96€/kg",
            "local_image_path": "Bio-Produkte/Bio Marken/bgindcur.jpg"
          },
          {
            "image_urls": [
              "https://www.edeka24.de/out/pictures/generated/product/1/224_224_90/erasco_1_portion_westflischer_linseneintopf_mit_essig.jpg"
            ],
            "ItemTitle": "Erasco 1 Portion Westfälischer Linsen-Eintopf mit Essig 400G",
            "ItemPrice": "1,89€",
            "ItemUnit": "4,73€/kg",
            "local_image_path": "Lebensmittel/Fertiggerichte/erasco_1_portion_westflischer_linseneintopf_mit_essig.jpg"
          },
          {
            "image_urls": [
              "https://www.edeka24.de/out/pictures/generated/product/1/224_224_90/rettergut_mixschokolade_tafel_80g.jpg"
            ],
            "ItemTitle": "Rettergut Mixschokolade Tafel 80G",
            "ItemPrice": "1,09€",
            "ItemUnit": "13,63€/kg",
            "local_image_path": "Bio-Produkte/Bio Marken/rettergut_mixschokolade_tafel_80g.jpg"
          },
          {
            "image_urls": [
              "https://www.edeka24.de/out/pictures/generated/product/1/224_224_90/rgrisotto_pronsafran_210g.jpg"
            ],
            "ItemTitle": "Gallo Risotto Pronto a la Milanese mit Safran 210G",
            "ItemPrice": "3,29€",
            "ItemUnit": "15,67€/kg",
            "local_image_path": "Lebensmittel/Fertiggerichte/rgrisotto_pronsafran_210g.jpg"
          },
          {
            "image_urls": [
              "https://www.edeka24.de/out/pictures/generated/product/1/224_224_90/knorr_feinschmecker_kartoffelsuppe_mit_creme_fraiche_suppe_70g.jpg"
            ],
            "ItemTitle": "Knorr Feinschmecker Kartoffelsuppe mit Creme Fraiche Suppe 70G",
            "ItemPrice": "1,59€",
            "ItemUnit": "22,71€/kg",
            "local_image_path": "Lebensmittel/Fertiggerichte/knorr_feinschmecker_kartoffelsuppe_mit_creme_fraiche_suppe_70g.jpg"
          },
          {
            "image_urls": [
              "https://www.edeka24.de/out/pictures/generated/product/1/224_224_90/maggi_fr_genieer_broccoli_cremesuppe_50g.jpg"
            ],
            "ItemTitle": "Maggi Für Genießer Broccoli Creme-Suppe ergibt 500ML",
            "ItemPrice": "1,39€",
            "ItemUnit": "2,78€/l",
            "local_image_path": "Lebensmittel/Fertiggerichte/maggi_fr_genieer_broccoli_cremesuppe_50g.jpg"
          },
          {
            "image_urls": [
              "https://www.edeka24.de/out/pictures/generated/product/1/224_224_90/erasco_ungarische_gulaschsuppe_770_ml.jpg"
            ],
            "ItemTitle": "Erasco Ungarische Gulaschsuppe 770ML",
            "ItemPrice": "4,29€",
            "ItemUnit": "5,57€/l",
            "local_image_path": "Lebensmittel/Fertiggerichte/erasco_ungarische_gulaschsuppe_770_ml.jpg"
          },
          {
            "image_urls": [
              "https://www.edeka24.de/out/pictures/generated/product/1/224_224_90/bruehwuerfel_10er_p1.jpg"
            ],
            "ItemTitle": "Maggi Brühwürfel 10ST 40G",
            "ItemPrice": "1,29€",
            "ItemUnit": "32,25€/kg",
            "local_image_path": "Lebensmittel/Fertiggerichte/bruehwuerfel_10er_p1.jpg"
          },
          {
            "image_urls": [
              "https://www.edeka24.de/out/pictures/generated/product/1/224_224_90/yfoodchoco.jpg"
            ],
            "ItemTitle": "yfood Choco Vegan Trinkmahlzeit 500ML",
            "ItemPrice": "4,49€",
            "ItemUnit": "8,98€/l",
            "local_image_path": "Lebensmittel/Fertiggerichte/yfoodchoco.jpg"
          },
          {
            "image_urls": [
              "https://www.edeka24.de/out/pictures/generated/product/1/224_224_90/maggi_guten_appetit_eiermuschelsuppe.jpg"
            ],
            "ItemTitle": "Maggi Guten Appetit! Eiermuschel-Suppe ergibt 1L",
            "ItemPrice": "1,09€",
            "ItemUnit": "1,09€/l",
            "local_image_path": "Lebensmittel/Fertiggerichte/maggi_guten_appetit_eiermuschelsuppe.jpg"
          },
          {
            "image_urls": [
              "https://www.edeka24.de/out/pictures/generated/product/1/224_224_90/bio_maggi_hamp252hner_suppe_famp252r_500ml.jpg"
            ],
            "ItemTitle": "Maggi Bio Hühner Suppe ergibt 500ML",
            "ItemPrice": "1,39€",
            "ItemUnit": "2,78€/l",
            "local_image_path": "Lebensmittel/Fertiggerichte/bio_maggi_hamp252hner_suppe_famp252r_500ml.jpg"
          },
          {
            "image_urls": [
              "https://www.edeka24.de/out/pictures/generated/product/1/224_224_90/yfcrazycoco.jpg"
            ],
            "ItemTitle": "yfood Crazy Coconut Trinkmahlzeit 500ML",
            "ItemPrice": "4,29€",
            "ItemUnit": "8,58€/l",
            "local_image_path": "Lebensmittel/Fertiggerichte/yfcrazycoco.jpg"
          },
          {
            "image_urls": [
              "https://www.edeka24.de/out/pictures/generated/product/1/224_224_90/indonesia_bihunsuppe.jpg"
            ],
            "ItemTitle": "Indonesia Bihunsuppe 390ML",
            "ItemPrice": "2,49€",
            "ItemUnit": "6,38€/l",
            "local_image_path": "Lebensmittel/Fertiggerichte/indonesia_bihunsuppe.jpg"
          },
          {
            "image_urls": [
              "https://www.edeka24.de/out/pictures/generated/product/1/224_224_90/maggi_fr_genieer_rindfleisch_suppe.jpg"
            ],
            "ItemTitle": "Maggi Für Genießer Rindfleisch Suppe ergibt 750ML",
            "ItemPrice": "1,39€",
            "ItemUnit": "1,85€/l",
            "local_image_path": "Lebensmittel/Fertiggerichte/maggi_fr_genieer_rindfleisch_suppe.jpg"
          },
          {
            "image_urls": [
              "https://www.edeka24.de/out/pictures/generated/product/1/224_224_90/knorr_suppenliebe_tomatencremesuppe_62g.jpg"
            ],
            "ItemTitle": "Knorr Suppenliebe Tomatencremesuppe 62G",
            "ItemPrice": "1,09€",
            "ItemUnit": "17,58€/kg",
            "local_image_path": "Lebensmittel/Fertiggerichte/knorr_suppenliebe_tomatencremesuppe_62g.jpg"
          },
          {
            "image_urls": [
              "https://www.edeka24.de/out/pictures/generated/product/1/224_224_90/knorr_feinschmecker_krbis_cremesuppe_52_g.jpg"
            ],
            "ItemTitle": "Knorr Feinschmecker Kürbis Cremesuppe 52G",
            "ItemPrice": "1,59€",
            "ItemUnit": "30,58€/kg",
            "local_image_path": "Lebensmittel/Fertiggerichte/knorr_feinschmecker_krbis_cremesuppe_52_g.jpg"
          },
          {
            "image_urls": [
              "https://www.edeka24.de/out/pictures/generated/product/1/224_224_90/knorr_suppenliebe_spargel_cremesuppe_58g.jpg"
            ],
            "ItemTitle": "Knorr Suppenliebe Spargel Cremesuppe 58G",
            "ItemPrice": "1,09€",
            "ItemUnit": "18,79€/kg",
            "local_image_path": "Lebensmittel/Fertiggerichte/knorr_suppenliebe_spargel_cremesuppe_58g.jpg"
          },
          {
            "image_urls": [
              "https://www.edeka24.de/out/pictures/generated/product/1/224_224_90/erasco_graupentopf_800_g.jpg"
            ],
            "ItemTitle": "Erasco Graupen-Topf 800G",
            "ItemPrice": "3,49€",
            "ItemUnit": "4,36€/kg",
            "local_image_path": "Lebensmittel/Fertiggerichte/erasco_graupentopf_800_g.jpg"
          },
          {
            "image_urls": [
              "https://www.edeka24.de/out/pictures/generated/product/1/224_224_90/nissin_soba_cup_chili_92g.jpg"
            ],
            "ItemTitle": "Nissin Cup Noodles Soba Chili 92G",
            "ItemPrice": "1,89€",
            "ItemUnit": "20,54€/kg",
            "local_image_path": "Lebensmittel/Fertiggerichte/nissin_soba_cup_chili_92g.jpg"
          },
          {
            "image_urls": [
              "https://www.edeka24.de/out/pictures/generated/product/1/224_224_90/4104420016644-alnatura-bio-tomaten-cremesuppe.jpg"
            ],
            "ItemTitle": "Alnatura Bio Tomaten Cremesuppe 46G",
            "ItemPrice": "1,29€",
            "ItemUnit": "28,04€/kg",
            "local_image_path": "Lebensmittel/Fertiggerichte/4104420016644-alnatura-bio-tomaten-cremesuppe.jpg"
          },
          {
            "image_urls": [
              "https://www.edeka24.de/out/pictures/generated/product/1/224_224_90/maggi_magic_asia_gebratene_nudeln_121g.jpg"
            ],
            "ItemTitle": "Maggi Magic Asia Gebratene Nudeln 121G",
            "ItemPrice": "1,69€",
            "ItemUnit": "13,97€/kg",
            "local_image_path": "Lebensmittel/Fertiggerichte/maggi_magic_asia_gebratene_nudeln_121g.jpg"
          },
          {
            "image_urls": [
              "https://www.edeka24.de/out/pictures/generated/product/1/224_224_90/erbseneintopf.png"
            ],
            "ItemTitle": "Erasco 1 Portion Erbsen-Eintopf 400G",
            "ItemPrice": "1,89€",
            "ItemUnit": "4,73€/kg",
            "local_image_path": "Lebensmittel/Fertiggerichte/erbseneintopf.png"
          },
          {
            "image_urls": [
              "https://www.edeka24.de/out/pictures/generated/product/1/224_224_90/knorr_feinschmecker_pfifferling_suppe_famp252r_500ml_56g.jpg"
            ],
            "ItemTitle": "Knorr Feinschmecker Pfifferling Cremesuppe 56G",
            "ItemPrice": "1,59€",
            "ItemUnit": "28,39€/kg",
            "local_image_path": "Wein/ Spirituosen/Spirituosen/highland_park_18_jahre_single_malt_whisky.jpg"
          },
          {
            "image_urls": [
              "https://www.edeka24.de/out/pictures/generated/product/1/224_224_90/knorravengers.jpg"
            ],
            "ItemTitle": "Knorr Suppenliebe Avengers 41G",
            "ItemPrice": "1,09€",
            "ItemUnit": "26,59€/kg",
            "local_image_path": "Lebensmittel/Fertiggerichte/knorravengers.jpg"
          },
          {
            "image_urls": [
              "https://www.edeka24.de/out/pictures/generated/product/1/224_224_90/knorr_feinschmecker_champignon_cremesuppe_45_g.jpg"
            ],
            "ItemTitle": "Knorr Feinschmecker Champignon Cremesuppe 45G",
            "ItemPrice": "1,59€",
            "ItemUnit": "35,33€/kg",
            "local_image_path": "Wein/ Spirituosen/Spirituosen/highland_park_18_jahre_single_malt_whisky.jpg"
          },
          {
            "image_urls": [
              "https://www.edeka24.de/out/pictures/generated/product/1/224_224_90/sblinein.jpg"
            ],
            "ItemTitle": "Sonnen Bassermann Linseneintopf mit Würstchen 800G",
            "ItemPrice": "3,49€",
            "ItemUnit": "4,36€/kg",
            "local_image_path": "Lebensmittel/Fertiggerichte/sblinein.jpg"
          },
          {
            "image_urls": [
              "https://www.edeka24.de/out/pictures/generated/product/1/224_224_90/mama_instantnudeln_shrimps_60g.jpg"
            ],
            "ItemTitle": "Mama Instantnudeln Shrimps 60G",
            "ItemPrice": "0,89€",
            "ItemUnit": "14,83€/kg",
            "local_image_path": "Lebensmittel/Fertiggerichte/mama_instantnudeln_shrimps_60g.jpg"
          },
          {
            "image_urls": [
              "https://www.edeka24.de/out/pictures/generated/product/1/224_224_90/knorr_suppenliebe_rindfleisch_suppe_76g(1).jpg"
            ],
            "ItemTitle": "Knorr Suppenliebe Suppe mit Rind 76G",
            "ItemPrice": "1,09€",
            "ItemUnit": "14,34€/kg",
            "local_image_path": "Lebensmittel/Fertiggerichte/knorr_suppenliebe_rindfleisch_suppe_76g(1).jpg"
          },
          {
            "image_urls": [
              "https://www.edeka24.de/out/pictures/generated/product/1/224_224_90/lacroix_kamp252rbiscremesuppe_400ml.jpg"
            ],
            "ItemTitle": "Lacroix Kürbiscreme-Suppe 400ML",
            "ItemPrice": "3,49€",
            "ItemUnit": "8,73€/l",
            "local_image_path": "Lebensmittel/Fertiggerichte/lacroix_kamp252rbiscremesuppe_400ml.jpg"
          },
          {
            "image_urls": [
              "https://www.edeka24.de/out/pictures/generated/product/1/224_224_90/lacroixlachscremesuppe.jpg"
            ],
            "ItemTitle": "Lacroix Lachs-Creme-Suppe 400ML",
            "ItemPrice": "3,39€",
            "ItemUnit": "8,48€/l",
            "local_image_path": "Wein/ Spirituosen/Spirituosen/highland_park_18_jahre_single_malt_whisky.jpg"
          },
          {
            "image_urls": [
              "https://www.edeka24.de/out/pictures/generated/product/1/224_224_90/bgindcur.jpg"
            ],
            "ItemTitle": "Bio Gourmet Indisches Curry 250G",
            "ItemPrice": "3,99€",
            "ItemUnit": "15,96€/kg",
            "local_image_path": "Bio-Produkte/Bio Marken/bgindcur.jpg"
          },
          {
            "image_urls": [
              "https://www.edeka24.de/out/pictures/generated/product/1/224_224_90/erasco_1_portion_westflischer_linseneintopf_mit_essig.jpg"
            ],
            "ItemTitle": "Erasco 1 Portion Westfälischer Linsen-Eintopf mit Essig 400G",
            "ItemPrice": "1,89€",
            "ItemUnit": "4,73€/kg",
            "local_image_path": "Lebensmittel/Fertiggerichte/erasco_1_portion_westflischer_linseneintopf_mit_essig.jpg"
          },
          {
            "image_urls": [
              "https://www.edeka24.de/out/pictures/generated/product/1/224_224_90/rettergut_mixschokolade_tafel_80g.jpg"
            ],
            "ItemTitle": "Rettergut Mixschokolade Tafel 80G",
            "ItemPrice": "1,09€",
            "ItemUnit": "13,63€/kg",
            "local_image_path": "Bio-Produkte/Bio Marken/rettergut_mixschokolade_tafel_80g.jpg"
          },
          {
            "image_urls": [
              "https://www.edeka24.de/out/pictures/generated/product/1/224_224_90/knorreisknigin.jpg"
            ],
            "ItemTitle": "Knorr Suppenliebe Die Eiskönigin Suppe 40G",
            "ItemPrice": "1,09€",
            "ItemUnit": "27,25€/kg",
            "local_image_path": "Wein/ Spirituosen/Spirituosen/highland_park_18_jahre_single_malt_whisky.jpg"
          },
          {
            "image_urls": [
              "https://www.edeka24.de/out/pictures/generated/product/1/224_224_90/knorr_feinschmecker_broccoli_suppe_famp252r_500ml_50g.jpg"
            ],
            "ItemTitle": "Knorr Feinschmecker Broccoli Cremseuppe 50G",
            "ItemPrice": "1,59€",
            "ItemUnit": "31,80€/kg",
            "local_image_path": "Lebensmittel/Fertiggerichte/knorr_feinschmecker_broccoli_suppe_famp252r_500ml_50g.jpg"
          },
          {
            "image_urls": [
              "https://www.edeka24.de/out/pictures/generated/product/1/224_224_90/knorr_feinschmecker_tomatensuppe_mit_reis_49_g.jpg"
            ],
            "ItemTitle": "Knorr Feinschmecker Tomatensuppe mit Reis 49G",
            "ItemPrice": "1,59€",
            "ItemUnit": "32,45€/kg",
            "local_image_path": "Wein/ Spirituosen/Spirituosen/highland_park_18_jahre_single_malt_whisky.jpg"
          },
          {
            "image_urls": [
              "https://www.edeka24.de/out/pictures/generated/product/1/224_224_90/sonnen_bassermann_hhner_bouillon.jpg"
            ],
            "ItemTitle": "Sonnen Bassermann Hühner Bouillon 400ML",
            "ItemPrice": "2,19€",
            "ItemUnit": "5,48€/l",
            "local_image_path": "Wein/ Spirituosen/Spirituosen/highland_park_18_jahre_single_malt_whisky.jpg"
          },
          {
            "image_urls": [
              "https://www.edeka24.de/out/pictures/generated/product/1/224_224_90/bgrolito.jpg"
            ],
            "ItemTitle": "Bio Gourmet Roter Linsen-Topf 250G",
            "ItemPrice": "3,99€",
            "ItemUnit": "15,96€/kg",
            "local_image_path": "Lebensmittel/Fertiggerichte/bgrolito.jpg"
          },
          {
            "image_urls": [
              "https://www.edeka24.de/out/pictures/generated/product/1/224_224_90/lacroix_ragout_fin_toulouser_art_400g.jpg"
            ],
            "ItemTitle": "Lacroix Ragout Fin 400G",
            "ItemPrice": "8,49€",
            "ItemUnit": "21,23€/kg",
            "local_image_path": "Lebensmittel/Fertiggerichte/lacroix_ragout_fin_toulouser_art_400g.jpg"
          },
          {
            "image_urls": [
              "https://www.edeka24.de/out/pictures/generated/product/1/224_224_90/bio_maggi_gemamp252se_cremesuppe_famp252r_500ml.jpg"
            ],
            "ItemTitle": "Maggi Bio Gemüse Cremesuppe ergibt 500ML",
            "ItemPrice": "1,39€",
            "ItemUnit": "2,78€/l",
            "local_image_path": "Lebensmittel/Fertiggerichte/bio_maggi_gemamp252se_cremesuppe_famp252r_500ml.jpg"
          },
          {
            "image_urls": [
              "https://www.edeka24.de/out/pictures/generated/product/1/224_224_90/knorrkrbissuppe.jpg"
            ],
            "ItemTitle": "Knorr Natürlich Lecker Kürbis Suppe 64G",
            "ItemPrice": "1,59€",
            "ItemUnit": "24,84€/kg",
            "local_image_path": "Lebensmittel/Fertiggerichte/knorrkrbissuppe.jpg"
          },
          {
            "image_urls": [
              "https://www.edeka24.de/out/pictures/generated/product/1/224_224_90/alnatutrahnernudelsuppe.jpg"
            ],
            "ItemTitle": "Alnatura Bio Hühner-Nudel-Suppe 38G",
            "ItemPrice": "1,29€",
            "ItemUnit": "33,95€/kg",
            "local_image_path": "Bio-Produkte/Lebensmittel von Alnatura/alnatutrahnernudelsuppe.jpg"
          },
          {
            "image_urls": [
              "https://www.edeka24.de/out/pictures/generated/product/1/224_224_90/pflzer_spezialitten_schinkenwurst_200g.jpg"
            ],
            "ItemTitle": "Pfälzer Spezialitäten Schinkenwurst 200G",
            "ItemPrice": "4,29€",
            "ItemUnit": "21,45€/kg",
            "local_image_path": "Lebensmittel/Fertiggerichte/pflzer_spezialitten_schinkenwurst_200g.jpg"
          },
          {
            "image_urls": [
              "https://www.edeka24.de/out/pictures/generated/product/1/224_224_90/biogourmetsteinpilzrisotto.jpg"
            ],
            "ItemTitle": "Bio Gourmet Risotto mit Steinpilzen 250G",
            "ItemPrice": "5,49€",
            "ItemUnit": "21,96€/kg",
            "local_image_path": "Lebensmittel/Fertiggerichte/biogourmetsteinpilzrisotto.jpg"
          },
          {
            "image_urls": [
              "https://www.edeka24.de/out/pictures/generated/product/1/224_224_90/knorr_feinschmecker_spargel_cremesuppe_49g.jpg"
            ],
            "ItemTitle": "Knorr Feinschmecker Spargel Cremesuppe 49G",
            "ItemPrice": "1,59€",
            "ItemUnit": "32,45€/kg",
            "local_image_path": "Lebensmittel/Fertiggerichte/knorr_feinschmecker_spargel_cremesuppe_49g.jpg"
          },
          {
            "image_urls": [
              "https://www.edeka24.de/out/pictures/generated/product/1/224_224_90/knorr_feinschmecker_zwiebel_suppe_62_g.jpg"
            ],
            "ItemTitle": "Knorr Feinschmecker Zwiebel Suppe 62G",
            "ItemPrice": "1,59€",
            "ItemUnit": "25,65€/kg",
            "local_image_path": "Lebensmittel/Fertiggerichte/knorr_feinschmecker_zwiebel_suppe_62_g.jpg"
          },
          {
            "image_urls": [
              "https://www.edeka24.de/out/pictures/generated/product/1/224_224_90/img_2225.jpg"
            ],
            "ItemTitle": "Ehrmann Foodie Pistachio Style 400ML",
            "ItemPrice": "3,79€",
            "ItemUnit": "9,48€/l",
            "local_image_path": "Wein/ Spirituosen/Spirituosen/highland_park_18_jahre_single_malt_whisky.jpg"
          },
          {
            "image_urls": [
              "https://www.edeka24.de/out/pictures/generated/product/1/224_224_90/maggi_guten_appetit_tomatencremesuppe.jpg"
            ],
            "ItemTitle": "Maggi Guten Appetit! Tomaten Cremesuppe ergibt 1L",
            "ItemPrice": "1,09€",
            "ItemUnit": "1,09€/l",
            "local_image_path": "Lebensmittel/Fertiggerichte/maggi_guten_appetit_tomatencremesuppe.jpg"
          },
          {
            "image_urls": [
              "https://www.edeka24.de/out/pictures/generated/product/1/224_224_90/wf_menue_schweineroulade_480g.jpg"
            ],
            "ItemTitle": "Wingert Foods Schweineroulade 480G",
            "ItemPrice": "2,99€",
            "ItemUnit": "6,23€/kg",
            "local_image_path": "Lebensmittel/Fertiggerichte/wf_menue_schweineroulade_480g.jpg"
          },
          {
            "image_urls": [
              "https://www.edeka24.de/out/pictures/generated/product/1/224_224_90/gampampg_kartofftopfmwuers800ml.jpg"
            ],
            "ItemTitle": "Gut & Günstig Kartoffeltopf mit Würstchen 800G",
            "ItemPrice": "2,59€",
            "ItemUnit": "3,24€/kg",
            "local_image_path": "Lebensmittel/Fertiggerichte/gampampg_kartofftopfmwuers800ml.jpg"
          },
          {
            "image_urls": [
              "https://www.edeka24.de/out/pictures/generated/product/1/224_224_90/wf_menue_huehnerfrikasse_480g.jpg"
            ],
            "ItemTitle": "Wingert Foods Hühnerfrikasse 480G",
            "ItemPrice": "2,69€",
            "ItemUnit": "5,60€/kg",
            "local_image_path": "Lebensmittel/Fertiggerichte/wf_menue_huehnerfrikasse_480g.jpg"
          },
          {
            "image_urls": [
              "https://www.edeka24.de/out/pictures/generated/product/1/224_224_90/erascospirnudfleikl.jpg"
            ],
            "ItemTitle": "Erasco Spirli-Nudeln mit Fleischklößchen 800G",
            "ItemPrice": "3,49€",
            "ItemUnit": "4,36€/kg",
            "local_image_path": "Lebensmittel/Fertiggerichte/erascospirnudfleikl.jpg"
          },
          {
            "image_urls": [
              "https://www.edeka24.de/out/pictures/generated/product/1/224_224_90/feuertopf.jpg"
            ],
            "ItemTitle": "Gut & Günstig Feuertopf 800G",
            "ItemPrice": "1,99€",
            "ItemUnit": "2,49€/kg",
            "local_image_path": "Lebensmittel/Fertiggerichte/feuertopf.jpg"
          },
          {
            "image_urls": [
              "https://www.edeka24.de/out/pictures/generated/product/1/224_224_90/erasco_menamp252s_gyros_in_wamp252rziger_sauce_mit_tomatenreis_und_mais460g.jpg"
            ],
            "ItemTitle": "Erasco Gyros im Metaxa-Sauce mit Tomatenreis 460G",
            "ItemPrice": "3,99€",
            "ItemUnit": "8,67€/kg",
            "local_image_path": "Lebensmittel/Fertiggerichte/erasco_menamp252s_gyros_in_wamp252rziger_sauce_mit_tomatenreis_und_mais460g.jpg"
          },
          {
            "image_urls": [
              "https://www.edeka24.de/out/pictures/generated/product/1/224_224_90/maggiwirtshausmakkaroni.jpg"
            ],
            "ItemTitle": "Maggi Wirtshaus Makkaroni mit dreierlei Käse 170G",
            "ItemPrice": "1,69€",
            "ItemUnit": "9,94€/kg",
            "local_image_path": "Lebensmittel/Fertiggerichte/maggiwirtshausmakkaroni.jpg"
          },
          {
            "image_urls": [
              "https://www.edeka24.de/out/pictures/generated/product/1/224_224_90/erascoschweikmac.jpg"
            ],
            "ItemTitle": "Erasco Schweizer Käse-Maccaroni 800G",
            "ItemPrice": "4,29€",
            "ItemUnit": "5,36€/kg",
            "local_image_path": "Lebensmittel/Fertiggerichte/erascoschweikmac.jpg"
          },
          {
            "image_urls": [
              "https://www.edeka24.de/out/pictures/generated/product/1/224_224_90/wingert_foods_kohlroulade_mit_kartoffelwrfel_und_bohnen_480g(1).jpg"
            ],
            "ItemTitle": "Wingert Foods Kohlroulade mit Kartoffelwürfel und Bohnen 480G",
            "ItemPrice": "2,89€",
            "ItemUnit": "6,02€/kg",
            "local_image_path": "Lebensmittel/Fertiggerichte/wingert_foods_kohlroulade_mit_kartoffelwrfel_und_bohnen_480g(1).jpg"
          },
          {
            "image_urls": [
              "https://www.edeka24.de/out/pictures/generated/product/1/224_224_90/sonnen_bassermann_meine_rostbratwrstchen.jpg"
            ],
            "ItemTitle": "Sonnen Bassermann Meine Rostbratwürstchen 480G",
            "ItemPrice": "3,99€",
            "ItemUnit": "8,31€/kg",
            "local_image_path": "Lebensmittel/Fertiggerichte/sonnen_bassermann_meine_rostbratwrstchen.jpg"
          },
          {
            "image_urls": [
              "https://www.edeka24.de/out/pictures/generated/product/1/224_224_90/erasco_linseneintopf_mit_wrstchen_1_portion.jpg"
            ],
            "ItemTitle": "Erasco Linsen-Eintopf mit Würstchen 1 Portion 400G",
            "ItemPrice": "1,89€",
            "ItemUnit": "4,73€/kg",
            "local_image_path": "Lebensmittel/Fertiggerichte/erasco_linseneintopf_mit_wrstchen_1_portion.jpg"
          },
          {
            "image_urls": [
              "https://www.edeka24.de/out/pictures/generated/product/1/224_224_90/maggiravpiksau.png"
            ],
            "ItemTitle": "Maggi Ravioli in pikanter Sauce 800G",
            "ItemPrice": "3,29€",
            "ItemUnit": "4,11€/kg",
            "local_image_path": "Lebensmittel/Fertiggerichte/maggiravpiksau.png"
          },
          {
            "image_urls": [
              "https://www.edeka24.de/out/pictures/generated/product/1/224_224_90/wingert_foods_hacksteakssaftig_460g.jpg"
            ],
            "ItemTitle": "Wingert Foods Saftige Hacksteaks 460G",
            "ItemPrice": "2,69€",
            "ItemUnit": "5,85€/kg",
            "local_image_path": "Lebensmittel/Fertiggerichte/wingert_foods_hacksteakssaftig_460g.jpg"
          },
          {
            "image_urls": [
              "https://www.edeka24.de/out/pictures/generated/product/1/224_224_90/gutampampgamp220nstig_chili_con_carne_800g.jpg"
            ],
            "ItemTitle": "Gut & Günstig Chili con Carne 800G",
            "ItemPrice": "2,59€",
            "ItemUnit": "3,24€/kg",
            "local_image_path": "Lebensmittel/Fertiggerichte/gutampampgamp220nstig_chili_con_carne_800g.jpg"
          },
          {
            "image_urls": [
              "https://www.edeka24.de/out/pictures/generated/product/1/224_224_90/erasco_herzhafte_leberkndelsuppe_395_ml.jpg"
            ],
            "ItemTitle": "Erasco Leberknödel Suppe 395ML",
            "ItemPrice": "1,89€",
            "ItemUnit": "4,78€/l",
            "local_image_path": "Lebensmittel/Fertiggerichte/erasco_herzhafte_leberkndelsuppe_395_ml.jpg"
          },
          {
            "image_urls": [
              "https://www.edeka24.de/out/pictures/generated/product/1/224_224_90/erasco_menamp252_rindergulasch_480g.jpg"
            ],
            "ItemTitle": "Erasco Rindergulasch 480G",
            "ItemPrice": "3,99€",
            "ItemUnit": "8,31€/kg",
            "local_image_path": "Lebensmittel/Fertiggerichte/erasco_menamp252_rindergulasch_480g.jpg"
          },
          {
            "image_urls": [
              "https://www.edeka24.de/out/pictures/generated/product/1/224_224_90/erasco_ungarische_gulaschsuppe_390_ml.jpg"
            ],
            "ItemTitle": "Erasco Ungarische Gulaschsuppe 390ML",
            "ItemPrice": "1,89€",
            "ItemUnit": "4,85€/l",
            "local_image_path": "Lebensmittel/Fertiggerichte/erasco_ungarische_gulaschsuppe_390_ml.jpg"
          },
          {
            "image_urls": [
              "https://www.edeka24.de/out/pictures/generated/product/1/224_224_90/knorr_spaghetteria_bolognese_160g.jpg"
            ],
            "ItemTitle": "Knorr Spaghetteria Bolognese 160G",
            "ItemPrice": "1,49€",
            "ItemUnit": "9,31€/kg",
            "local_image_path": "Lebensmittel/Fertiggerichte/knorr_spaghetteria_bolognese_160g.jpg"
          },
          {
            "image_urls": [
              "https://www.edeka24.de/out/pictures/generated/product/1/224_224_90/erasco_menamp252_hacksteaks_480g.jpg"
            ],
            "ItemTitle": "Erasco Menü Hacksteaks 480G",
            "ItemPrice": "3,99€",
            "ItemUnit": "8,31€/kg",
            "local_image_path": "Lebensmittel/Fertiggerichte/erasco_menamp252_hacksteaks_480g.jpg"
          },
          {
            "image_urls": [
              "https://www.edeka24.de/out/pictures/generated/product/1/224_224_90/maggi_wh_kaesespaetzle_119g.jpg"
            ],
            "ItemTitle": "Maggi Wirtshaus Käse-Spätzle mit Röstzwiebeln 119G",
            "ItemPrice": "1,69€",
            "ItemUnit": "14,20€/kg",
            "local_image_path": "Lebensmittel/Fertiggerichte/maggi_wh_kaesespaetzle_119g.jpg"
          },
          {
            "image_urls": [
              "https://www.edeka24.de/out/pictures/generated/product/1/224_224_90/erasco_rinderroulade_in_sauce_mit_nudeln_amp_apfelrotkohl_460g.jpg"
            ],
            "ItemTitle": "Erasco Rinderroulade in Sauce mit Nudeln & Apfelrotkohl 460G",
            "ItemPrice": "3,99€",
            "ItemUnit": "8,67€/kg",
            "local_image_path": "Lebensmittel/Fertiggerichte/erasco_rinderroulade_in_sauce_mit_nudeln_amp_apfelrotkohl_460g.jpg"
          },
          {
            "image_urls": [
              "https://www.edeka24.de/out/pictures/generated/product/1/224_224_90/sonnen_bassermann_spaghetti_bolognese.jpg"
            ],
            "ItemTitle": "Sonnen Bassermann Spaghetti Bolognese 375G",
            "ItemPrice": "3,99€",
            "ItemUnit": "10,64€/kg",
            "local_image_path": "Lebensmittel/Fertiggerichte/sonnen_bassermann_spaghetti_bolognese.jpg"
          },
          {
            "image_urls": [
              "https://www.edeka24.de/out/pictures/generated/product/1/224_224_90/erasco_starke_portion_gulaschtopf_ungarische_art.jpg"
            ],
            "ItemTitle": "Erasco Ungarischer Gulasch-Topf mit aromatischem Pfeffer 800G",
            "ItemPrice": "4,29€",
            "ItemUnit": "5,36€/kg",
            "local_image_path": "Lebensmittel/Fertiggerichte/erasco_starke_portion_gulaschtopf_ungarische_art.jpg"
          },
          {
            "image_urls": [
              "https://www.edeka24.de/out/pictures/generated/product/1/224_224_90/erasco_balkanpfanne_mitcevapcici_800g.jpg"
            ],
            "ItemTitle": "Erasco Balkan-Pfanne mit Cevapcici 800G",
            "ItemPrice": "3,49€",
            "ItemUnit": "4,36€/kg",
            "local_image_path": "Lebensmittel/Fertiggerichte/erasco_balkanpfanne_mitcevapcici_800g.jpg"
          },
          {
            "image_urls": [
              "https://www.edeka24.de/out/pictures/generated/product/1/224_224_90/wingert_foods_huhn_sss_sauer_375g.jpg"
            ],
            "ItemTitle": "Wingert Foods Huhn Süss Sauer 375G",
            "ItemPrice": "2,69€",
            "ItemUnit": "7,17€/kg",
            "local_image_path": "Lebensmittel/Fertiggerichte/wingert_foods_huhn_sss_sauer_375g.jpg"
          },
          {
            "image_urls": [
              "https://www.edeka24.de/out/pictures/generated/product/1/224_224_90/erasco_feurige_thaisuppe_390_ml.jpg"
            ],
            "ItemTitle": "Erasco Feurige Thai-Suppe 390ML",
            "ItemPrice": "1,69€",
            "ItemUnit": "4,33€/l",
            "local_image_path": "Lebensmittel/Fertiggerichte/erasco_feurige_thaisuppe_390_ml.jpg"
          },
          {
            "image_urls": [
              "https://www.edeka24.de/out/pictures/generated/product/1/224_224_90/knorremmemakk.jpg"
            ],
            "ItemTitle": "Knorr Hüttenschmaus Emmentaler Makkaroni 151G",
            "ItemPrice": "1,79€",
            "ItemUnit": "11,85€/kg",
            "local_image_path": "Lebensmittel/Fertiggerichte/knorremmemakk.jpg"
          },
          {
            "image_urls": [
              "https://www.edeka24.de/out/pictures/generated/product/1/224_224_90/erasco_1_portion_kartoffeltopf_mit_wrstchen_400_g.jpg"
            ],
            "ItemTitle": "Erasco 1 Portion Kartoffel-Topf mit Würstchen 400G",
            "ItemPrice": "1,89€",
            "ItemUnit": "4,73€/kg",
            "local_image_path": "Lebensmittel/Fertiggerichte/erasco_1_portion_kartoffeltopf_mit_wrstchen_400_g.jpg"
          },
          {
            "image_urls": [
              "https://www.edeka24.de/out/pictures/generated/product/1/224_224_90/erasco_hhnernudeltopf_mit_hhnerbrhe_800_g.jpg"
            ],
            "ItemTitle": "Erasco Hühner Nudel-Topf mit Hühnerbrühe 800G",
            "ItemPrice": "3,49€",
            "ItemUnit": "4,36€/kg",
            "local_image_path": "Lebensmittel/Fertiggerichte/erasco_hhnernudeltopf_mit_hhnerbrhe_800_g.jpg"
          },
          {
            "image_urls": [
              "https://www.edeka24.de/out/pictures/generated/product/1/224_224_90/sbkasseler.jpg"
            ],
            "ItemTitle": "Sonnen Bassermann Mein Kasseler Schulter 480G",
            "ItemPrice": "3,99€",
            "ItemUnit": "8,31€/kg",
            "local_image_path": "Lebensmittel/Fertiggerichte/sbkasseler.jpg"
          }
        ]
      }
    ]
  },
  {
    "CategoryTitle": "Lebensmittel",
    "Subcategories": [
      {
        "subcategoryTitle": "Süß & Salzig",
        "productItems": [
          {
            "image_urls": [
              "https://www.edeka24.de/out/pictures/generated/product/1/224_224_90/erdnuamp223locken_classic_175g.jpg"
            ],
            "ItemTitle": "Lorenz Erdnuß Locken Classic 175G",
            "ItemPrice": "2,29€",
            "ItemUnit": "13,09€/kg",
            "local_image_path": "Lebensmittel/Süß & Salzig/erdnuamp223locken_classic_175g.jpg"
          },
          {
            "image_urls": [
              "https://www.edeka24.de/out/pictures/generated/product/1/224_224_90/knoppers_milchhaselnussschnitte_8st_200g.jpg"
            ],
            "ItemTitle": "Knoppers Milch-Haselnuss-Schnitte 8ST 200G",
            "ItemPrice": "2,29€",
            "ItemUnit": "11,45€/kg",
            "local_image_path": "Lebensmittel/Süß & Salzig/knoppers_milchhaselnussschnitte_8st_200g.jpg"
          },
          {
            "image_urls": [
              "https://www.edeka24.de/out/pictures/generated/product/1/224_224_90/kinder_riegel_big_pack.jpg"
            ],
            "ItemTitle": "Kinder Riegel Big Pack 18ST 378G",
            "ItemPrice": "3,99€",
            "ItemUnit": "10,56€/kg",
            "local_image_path": "Lebensmittel/Süß & Salzig/kinder_riegel_big_pack.jpg"
          },
          {
            "image_urls": [
              "https://www.edeka24.de/out/pictures/generated/product/1/224_224_90/chio_tortillas_wild_paprika_110g.jpg"
            ],
            "ItemTitle": "Chio Tortillas Wild Paprika 110G",
            "ItemSalePrice": "1,29€",
            "ItemUnit": "11,73€/kg",
            "local_image_path": "Lebensmittel/Süß & Salzig/chio_tortillas_wild_paprika_110g.jpg"
          },
          {
            "image_urls": [
              "https://www.edeka24.de/out/pictures/generated/product/1/224_224_90/duplo_18st_3276g.jpg"
            ],
            "ItemTitle": "Ferrero Duplo 18ST 327,6G",
            "ItemPrice": "3,99€",
            "ItemUnit": "12,16€/kg",
            "local_image_path": "Lebensmittel/Süß & Salzig/duplo_18st_3276g.jpg"
          },
          {
            "image_urls": [
              "https://www.edeka24.de/out/pictures/generated/product/1/224_224_90/funnyfrisch_chipsfrisch_ungarisch_150g.jpg"
            ],
            "ItemTitle": "Funny-Frisch Chipsfrisch Ungarisch 150G",
            "ItemPrice": "2,29€",
            "ItemUnit": "15,27€/kg",
            "local_image_path": "Lebensmittel/Süß & Salzig/funnyfrisch_chipsfrisch_ungarisch_150g.jpg"
          },
          {
            "image_urls": [
              "https://www.edeka24.de/out/pictures/generated/product/1/224_224_90/gut_amp_gnstig_erdnsse_gerstet_amp_gesalzen(1).jpg"
            ],
            "ItemTitle": "Gut & Günstig Erdnüsse geröstet & gesalzen 200G",
            "ItemPrice": "1,19€",
            "ItemUnit": "5,95€/kg",
            "local_image_path": "Lebensmittel/Süß & Salzig/gut_amp_gnstig_erdnsse_gerstet_amp_gesalzen(1).jpg"
          },
          {
            "image_urls": [
              "https://www.edeka24.de/out/pictures/generated/product/1/224_224_90/3557_front.jpg"
            ],
            "ItemTitle": "Ferrero Hanuta 220G",
            "ItemPrice": "2,79€",
            "ItemUnit": "12,68€/kg",
            "local_image_path": "Lebensmittel/Süß & Salzig/3557_front.jpg"
          },
          {
            "image_urls": [
              "https://www.edeka24.de/out/pictures/generated/product/1/224_224_90/mayka_sticks_200g.jpg"
            ],
            "ItemTitle": "Mayka Sticks 200G",
            "ItemPrice": "1,69€",
            "ItemUnit": "8,45€/kg",
            "local_image_path": "Lebensmittel/Süß & Salzig/mayka_sticks_200g.jpg"
          },
          {
            "image_urls": [
              "https://www.edeka24.de/out/pictures/generated/product/1/224_224_90/de_beukelaer_prinzen_rolle_schoko_400g.jpg"
            ],
            "ItemTitle": "De Beukelaer Prinzen Rolle Schoko 400G",
            "ItemPrice": "2,29€",
            "ItemUnit": "5,73€/kg",
            "local_image_path": "Lebensmittel/Süß & Salzig/de_beukelaer_prinzen_rolle_schoko_400g.jpg"
          },
          {
            "image_urls": [
              "https://www.edeka24.de/out/pictures/generated/product/1/224_224_90/gut_amp_gnstig_cashews_gerstet_amp_gesalzen(1).jpg"
            ],
            "ItemTitle": "Gut & Günstig Cashews geröstet & gesalzen 150G",
            "ItemPrice": "2,29€",
            "ItemUnit": "15,27€/kg",
            "local_image_path": "Lebensmittel/Süß & Salzig/gut_amp_gnstig_cashews_gerstet_amp_gesalzen(1).jpg"
          },
          {
            "image_urls": [
              "https://www.edeka24.de/out/pictures/generated/product/1/224_224_90/bio_edeka_knusperriegel_nussmix_3x25g.jpg"
            ],
            "ItemTitle": "EDEKA Bio Knusperriegel Nussmix 3ST 75G",
            "ItemPrice": "1,29€",
            "ItemUnit": "17,20€/kg",
            "local_image_path": "Bio-Produkte/Bio Marken/bio_edeka_knusperriegel_nussmix_3x25g.jpg"
          },
          {
            "image_urls": [
              "https://www.edeka24.de/out/pictures/generated/product/1/224_224_90/lorenz_saltletts_classic.jpg"
            ],
            "ItemTitle": "Lorenz Saltletts Sticks 250G",
            "ItemPrice": "2,29€",
            "ItemUnit": "9,16€/kg",
            "local_image_path": "Lebensmittel/Süß & Salzig/lorenz_saltletts_classic.jpg"
          },
          {
            "image_urls": [
              "https://www.edeka24.de/out/pictures/generated/product/1/224_224_90/haribo_tropifrutti_175g.jpg"
            ],
            "ItemTitle": "Haribo Tropifrutti 175G",
            "ItemPrice": "1,29€",
            "ItemUnit": "7,37€/kg",
            "local_image_path": "Lebensmittel/Süß & Salzig/haribo_tropifrutti_175g.jpg"
          },
          {
            "image_urls": [
              "https://www.edeka24.de/out/pictures/generated/product/1/224_224_90/corny_schokobanane_riegel_6st_150g.jpg"
            ],
            "ItemTitle": "Corny Schoko-Banane Riegel 6ST 150G",
            "ItemPrice": "1,69€",
            "ItemUnit": "11,27€/kg",
            "local_image_path": "Lebensmittel/Süß & Salzig/corny_schokobanane_riegel_6st_150g.jpg"
          },
          {
            "image_urls": [
              "https://www.edeka24.de/out/pictures/generated/product/1/224_224_90/ferrero_kinder_bueno_10st_215g.jpg"
            ],
            "ItemTitle": "Ferrero Kinder Bueno 10ST 215G",
            "ItemPrice": "3,79€",
            "ItemUnit": "17,63€/kg",
            "local_image_path": "Lebensmittel/Süß & Salzig/ferrero_kinder_bueno_10st_215g.jpg"
          },
          {
            "image_urls": [
              "https://www.edeka24.de/out/pictures/generated/product/1/224_224_90/leibnizzorigchocvm.jpg"
            ],
            "ItemTitle": "Leibniz Choco Vollmilch Kekse 125G",
            "ItemPrice": "2,19€",
            "ItemUnit": "17,52€/kg",
            "local_image_path": "Lebensmittel/Süß & Salzig/leibnizzorigchocvm.jpg"
          },
          {
            "image_urls": [
              "https://www.edeka24.de/out/pictures/generated/product/1/224_224_90/chioreadysalted.jpg"
            ],
            "ItemTitle": "Chio Chips Ready Salted 150G",
            "ItemPrice": "1,99€",
            "ItemUnit": "13,27€/kg",
            "local_image_path": "Lebensmittel/Süß & Salzig/chioreadysalted.jpg"
          },
          {
            "image_urls": [
              "https://www.edeka24.de/out/pictures/generated/product/1/224_224_90/bahlsen_comtess_zitronen_kuchen_350_g.jpg"
            ],
            "ItemTitle": "Bahlsen Comtess Zitronen Kuchen 350G",
            "ItemPrice": "2,99€",
            "ItemUnit": "8,54€/kg",
            "local_image_path": "Lebensmittel/Süß & Salzig/bahlsen_comtess_zitronen_kuchen_350_g.jpg"
          },
          {
            "image_urls": [
              "https://www.edeka24.de/out/pictures/generated/product/1/224_224_90/storck_toffifee.jpg"
            ],
            "ItemTitle": "Storck Toffifee 125G",
            "ItemPrice": "1,59€",
            "ItemUnit": "12,72€/kg",
            "local_image_path": "Lebensmittel/Süß & Salzig/storck_toffifee.jpg"
          },
          {
            "image_urls": [
              "https://www.edeka24.de/out/pictures/generated/product/1/224_224_90/griessonsoftkackeorange.jpg"
            ],
            "ItemTitle": "Griesson Soft Cake Zartbitter-Orange 300G",
            "ItemPrice": "1,69€",
            "ItemUnit": "5,63€/kg",
            "local_image_path": "Lebensmittel/Süß & Salzig/griessonsoftkackeorange.jpg"
          },
          {
            "image_urls": [
              "https://www.edeka24.de/out/pictures/generated/product/1/224_224_90/ferrero_hanuta_haselnussschnitten_minis_200g.jpg"
            ],
            "ItemTitle": "Ferrero Hanuta Haselnuss-Schnitten Minis 200G",
            "ItemPrice": "2,99€",
            "ItemUnit": "14,95€/kg",
            "local_image_path": "Lebensmittel/Süß & Salzig/ferrero_hanuta_haselnussschnitten_minis_200g.jpg"
          },
          {
            "image_urls": [
              "https://www.edeka24.de/out/pictures/generated/product/1/224_224_90/milka_alpenmilch_schokolade_100g.jpg"
            ],
            "ItemTitle": "Milka Alpenmilch Schokolade 100G",
            "ItemPrice": "1,49€",
            "ItemUnit": "14,90€/kg",
            "local_image_path": "Lebensmittel/Süß & Salzig/milka_alpenmilch_schokolade_100g.jpg"
          },
          {
            "image_urls": [
              "https://www.edeka24.de/out/pictures/generated/product/1/224_224_90/coockies_big_nut_300_p1.jpg"
            ],
            "ItemTitle": "Griesson Chocolate Mountain Cookies Big Nut 150G",
            "ItemPrice": "0,99€",
            "ItemUnit": "6,60€/kg",
            "local_image_path": "Lebensmittel/Süß & Salzig/coockies_big_nut_300_p1.jpg"
          },
          {
            "image_urls": [
              "https://www.edeka24.de/out/pictures/generated/product/1/224_224_90/yogurette_300_g_vorratspackung_24er.jpg"
            ],
            "ItemTitle": "Ferrero Yogurette 24ST 300G",
            "ItemPrice": "3,49€",
            "ItemUnit": "11,63€/kg",
            "local_image_path": "Lebensmittel/Süß & Salzig/yogurette_300_g_vorratspackung_24er.jpg"
          },
          {
            "image_urls": [
              "https://www.edeka24.de/out/pictures/generated/product/1/224_224_90/bahlsen_comtess_marmor_kuchen_350_g.jpg"
            ],
            "ItemTitle": "Bahlsen Comtess Marmor Kuchen 350G",
            "ItemPrice": "2,99€",
            "ItemUnit": "8,54€/kg",
            "local_image_path": "Lebensmittel/Süß & Salzig/bahlsen_comtess_marmor_kuchen_350_g.jpg"
          },
          {
            "image_urls": [
              "https://www.edeka24.de/out/pictures/generated/product/1/224_224_90/pickupchoco.jpg"
            ],
            "ItemTitle": "Leibniz Pick UP! Mini Choco 127G",
            "ItemSalePrice": "1,99€",
            "ItemUnit": "15,67€/kg",
            "local_image_path": "Angebote/default_subcategory/pickupchoco.jpg"
          },
          {
            "image_urls": [
              "https://www.edeka24.de/out/pictures/generated/product/1/224_224_90/de_beukelaer_tuc_cracker_original_100_g.jpg"
            ],
            "ItemTitle": "De Beukelaer Tuc Cracker Original 100 g",
            "ItemPrice": "1,59€",
            "ItemUnit": "15,90€/kg",
            "local_image_path": "Lebensmittel/Süß & Salzig/de_beukelaer_tuc_cracker_original_100_g.jpg"
          },
          {
            "image_urls": [
              "https://www.edeka24.de/out/pictures/generated/product/1/224_224_90/bio_alnatura_kamp228segebamp228ck_gouda_80g.jpg"
            ],
            "ItemTitle": "Alnatura Bio Käsegebäck Gouda 80G",
            "ItemPrice": "2,29€",
            "ItemUnit": "28,63€/kg",
            "local_image_path": "Lebensmittel/Süß & Salzig/bio_alnatura_kamp228segebamp228ck_gouda_80g.jpg"
          },
          {
            "image_urls": [
              "https://www.edeka24.de/out/pictures/generated/product/1/224_224_90/nicnacs.jpg"
            ],
            "ItemTitle": "Lorenz Nic Nacs Original 110G",
            "ItemPrice": "2,29€",
            "ItemUnit": "20,82€/kg",
            "local_image_path": "Lebensmittel/Süß & Salzig/nicnacs.jpg"
          },
          {
            "image_urls": [
              "https://www.edeka24.de/out/pictures/generated/product/1/224_224_90/funnyfrisch_ofen_chips_paprika125g.jpg"
            ],
            "ItemTitle": "Funny-Frisch Ofen Chips Paprika 125G",
            "ItemPrice": "2,29€",
            "ItemUnit": "18,32€/kg",
            "local_image_path": "Lebensmittel/Süß & Salzig/funnyfrisch_ofen_chips_paprika125g.jpg"
          },
          {
            "image_urls": [
              "https://www.edeka24.de/out/pictures/generated/product/1/224_224_90/lorenzpartyyclubbs.jpg"
            ],
            "ItemTitle": "Lorenz Clubs Party Cracker 200G",
            "ItemPrice": "1,89€",
            "ItemUnit": "9,45€/kg",
            "local_image_path": "Lebensmittel/Süß & Salzig/lorenzpartyyclubbs.jpg"
          },
          {
            "image_urls": [
              "https://www.edeka24.de/out/pictures/generated/product/1/224_224_90/kinder_country_9st.jpg"
            ],
            "ItemTitle": "Kinder Country 9ST 211,5G",
            "ItemPrice": "2,79€",
            "ItemUnit": "1,32€/kg",
            "local_image_path": "Lebensmittel/Süß & Salzig/kinder_country_9st.jpg"
          },
          {
            "image_urls": [
              "https://www.edeka24.de/out/pictures/generated/product/1/224_224_90/bahlsen_comtess_marzipan_kuchen_350_g.jpg"
            ],
            "ItemTitle": "Bahlsen Comtess Marzipan Kuchen 350G",
            "ItemPrice": "2,99€",
            "ItemUnit": "8,54€/kg",
            "local_image_path": "Lebensmittel/Süß & Salzig/bahlsen_comtess_marzipan_kuchen_350_g.jpg"
          },
          {
            "image_urls": [
              "https://www.edeka24.de/out/pictures/generated/product/1/224_224_90/funny_frisch_paprika_ecken.jpg"
            ],
            "ItemTitle": "Funny Frisch Paprika Ecken 75G",
            "ItemPrice": "1,99€",
            "ItemUnit": "26,53€/kg",
            "local_image_path": "Lebensmittel/Süß & Salzig/funny_frisch_paprika_ecken.jpg"
          },
          {
            "image_urls": [
              "https://www.edeka24.de/out/pictures/generated/product/1/224_224_90/corny_schoko_riegel_6st_150g.jpg"
            ],
            "ItemTitle": "Corny Schoko Riegel 6ST 150G",
            "ItemPrice": "1,69€",
            "ItemUnit": "11,27€/kg",
            "local_image_path": "Lebensmittel/Süß & Salzig/corny_schoko_riegel_6st_150g.jpg"
          },
          {
            "image_urls": [
              "https://www.edeka24.de/out/pictures/generated/product/1/224_224_90/duplo_original_10st_182g.jpg"
            ],
            "ItemTitle": "Duplo Original 10ST 182G",
            "ItemPrice": "2,49€",
            "ItemUnit": "13,68€/kg",
            "local_image_path": "Lebensmittel/Süß & Salzig/duplo_original_10st_182g.jpg"
          },
          {
            "image_urls": [
              "https://www.edeka24.de/out/pictures/generated/product/1/224_224_90/bio_edeka_hafercookie_mit_schokolade_200g.jpg"
            ],
            "ItemTitle": "EDEKA Bio Hafer-Cookies mit Schokolade 200G",
            "ItemPrice": "1,69€",
            "ItemUnit": "8,45€/kg",
            "local_image_path": "Bio-Produkte/Bio Marken/bio_edeka_hafercookie_mit_schokolade_200g.jpg"
          },
          {
            "image_urls": [
              "https://www.edeka24.de/out/pictures/generated/product/1/224_224_90/nimm2_bonbons.jpg"
            ],
            "ItemTitle": "nimm2 Bonbons 145G",
            "ItemPrice": "1,09€",
            "ItemUnit": "7,52€/kg",
            "local_image_path": "Lebensmittel/Süß & Salzig/nimm2_bonbons.jpg"
          },
          {
            "image_urls": [
              "https://www.edeka24.de/out/pictures/generated/product/1/224_224_90/funny_frisch_zwiebliringe(1).jpg"
            ],
            "ItemTitle": "Funny Frisch Zwiebli-Ringe 80G",
            "ItemPrice": "1,99€",
            "ItemUnit": "24,88€/kg",
            "local_image_path": "Lebensmittel/Süß & Salzig/funny_frisch_zwiebliringe(1).jpg"
          },
          {
            "image_urls": [
              "https://www.edeka24.de/out/pictures/generated/product/1/224_224_90/haribo_lakritz_schnecken_175g.jpg"
            ],
            "ItemTitle": "Haribo Lakritz Schnecken 175G",
            "ItemPrice": "1,29€",
            "ItemUnit": "7,37€/kg",
            "local_image_path": "Lebensmittel/Süß & Salzig/haribo_lakritz_schnecken_175g.jpg"
          },
          {
            "image_urls": [
              "https://www.edeka24.de/out/pictures/generated/product/1/224_224_90/milka_choco_brownie_150_g.jpg"
            ],
            "ItemTitle": "Milka Choco Brownie 6ST 150G",
            "ItemPrice": "2,39€",
            "ItemUnit": "15,93€/kg",
            "local_image_path": "Lebensmittel/Süß & Salzig/milka_choco_brownie_150_g.jpg"
          },
          {
            "image_urls": [
              "https://www.edeka24.de/out/pictures/generated/product/1/224_224_90/campinofrchte.jpg"
            ],
            "ItemTitle": "Campino Früchte Bonbons 335G",
            "ItemPrice": "1,99€",
            "ItemUnit": "5,94€/kg",
            "local_image_path": "Lebensmittel/Süß & Salzig/campinofrchte.jpg"
          },
          {
            "image_urls": [
              "https://www.edeka24.de/out/pictures/generated/product/1/224_224_90/rsnugat250.jpg"
            ],
            "ItemTitle": "Ritter Sport Nugat 250G",
            "ItemPrice": "2,69€",
            "ItemUnit": "10,76€/kg",
            "local_image_path": "Lebensmittel/Süß & Salzig/rsnugat250.jpg"
          },
          {
            "image_urls": [
              "https://www.edeka24.de/out/pictures/generated/product/1/224_224_90/bahlsenabcrussischbrot.jpg"
            ],
            "ItemTitle": "Bahlsen ABC Russisch Brot 100G",
            "ItemPrice": "1,69€",
            "ItemUnit": "16,90€/kg",
            "local_image_path": "Lebensmittel/Süß & Salzig/bahlsenabcrussischbrot.jpg"
          },
          {
            "image_urls": [
              "https://www.edeka24.de/out/pictures/generated/product/1/224_224_90/haribo_happy_cola_175g.jpg"
            ],
            "ItemTitle": "Haribo Happy Cola 175G",
            "ItemPrice": "1,29€",
            "ItemUnit": "7,37€/kg",
            "local_image_path": "Lebensmittel/Süß & Salzig/haribo_happy_cola_175g.jpg"
          },
          {
            "image_urls": [
              "https://www.edeka24.de/out/pictures/generated/product/1/224_224_90/milka_luflee_schokolade_100g.jpg"
            ],
            "ItemTitle": "Milka Luflee Schokolade 100G",
            "ItemPrice": "1,49€",
            "ItemUnit": "14,90€/kg",
            "local_image_path": "Lebensmittel/Süß & Salzig/milka_luflee_schokolade_100g.jpg"
          },
          {
            "image_urls": [
              "https://www.edeka24.de/out/pictures/generated/product/1/224_224_90/de_beukelaer_erfrischungsstbchen_orangezitronemix.jpg"
            ],
            "ItemTitle": "De Beukelaer Erfrischungsstäbchen Orange-Zitrone-Mix 75G",
            "ItemPrice": "1,39€",
            "ItemUnit": "18,53€/kg",
            "local_image_path": "Lebensmittel/Süß & Salzig/de_beukelaer_erfrischungsstbchen_orangezitronemix.jpg"
          },
          {
            "image_urls": [
              "https://www.edeka24.de/out/pictures/generated/product/1/224_224_90/leibnizbutterkeks.jpg"
            ],
            "ItemTitle": "Leibniz Butterkeks 200G",
            "ItemPrice": "1,99€",
            "ItemUnit": "9,95€/kg",
            "local_image_path": "Lebensmittel/Süß & Salzig/leibnizbutterkeks.jpg"
          },
          {
            "image_urls": [
              "https://www.edeka24.de/out/pictures/generated/product/1/224_224_90/nestle_nuts_5x30g.jpg"
            ],
            "ItemTitle": "Nestlé Nuts 5ST 150G",
            "ItemPrice": "2,49€",
            "ItemUnit": "16,60€/kg",
            "local_image_path": "Lebensmittel/Süß & Salzig/nestle_nuts_5x30g.jpg"
          },
          {
            "image_urls": [
              "https://www.edeka24.de/out/pictures/generated/product/1/224_224_90/haribo_goldbamp228ren_175g.jpg"
            ],
            "ItemTitle": "Haribo Goldbären 175G",
            "ItemPrice": "1,29€",
            "ItemUnit": "7,37€/kg",
            "local_image_path": "Lebensmittel/Süß & Salzig/haribo_goldbamp228ren_175g.jpg"
          },
          {
            "image_urls": [
              "https://www.edeka24.de/out/pictures/generated/product/1/224_224_90/bigbendragiert.jpg"
            ],
            "ItemTitle": "Piasten Big Ben Dragierte Erdnüsse 250G",
            "ItemPrice": "1,89€",
            "ItemUnit": "7,56€/kg",
            "local_image_path": "Lebensmittel/Süß & Salzig/bigbendragiert.jpg"
          },
          {
            "image_urls": [
              "https://www.edeka24.de/out/pictures/generated/product/1/224_224_90/edeka_italia_grissini_all039olio_di_oliva(1).jpg"
            ],
            "ItemTitle": "EDEKA Originale Grissini All'Olio Di Oliva 125G",
            "ItemPrice": "1,29€",
            "ItemUnit": "10,32€/kg",
            "local_image_path": "Lebensmittel/Süß & Salzig/edeka_italia_grissini_all039olio_di_oliva(1).jpg"
          },
          {
            "image_urls": [
              "https://www.edeka24.de/out/pictures/generated/product/1/224_224_90/edeka_cookies_chocolate_cream_210g.jpg"
            ],
            "ItemTitle": "EDEKA Chocolate Cream Cookies 210G",
            "ItemPrice": "1,79€",
            "ItemUnit": "8,52€/kg",
            "local_image_path": "Lebensmittel/Süß & Salzig/edeka_cookies_chocolate_cream_210g.jpg"
          },
          {
            "image_urls": [
              "https://www.edeka24.de/out/pictures/generated/product/1/224_224_90/alnaturamaisamarawaff.jpg"
            ],
            "ItemTitle": "Alnatura Bio Mais Amaranth Waffeln Rosmarin 150G",
            "ItemSalePrice": "0,99€",
            "ItemUnit": "6,60€/kg",
            "local_image_path": "Lebensmittel/Süß & Salzig/alnaturamaisamarawaff.jpg"
          },
          {
            "image_urls": [
              "https://www.edeka24.de/out/pictures/generated/product/1/224_224_90/rsedelvm.jpg"
            ],
            "ItemTitle": "Ritter Sport Edel-Vollmilch 100G",
            "ItemPrice": "1,59€",
            "ItemUnit": "15,90€/kg",
            "local_image_path": "Lebensmittel/Süß & Salzig/rsedelvm.jpg"
          },
          {
            "image_urls": [
              "https://www.edeka24.de/out/pictures/generated/product/1/224_224_90/haribo_cherries_175g.jpg"
            ],
            "ItemTitle": "Haribo Happy Cherries 175G",
            "ItemPrice": "1,29€",
            "ItemUnit": "7,37€/kg",
            "local_image_path": "Lebensmittel/Süß & Salzig/haribo_cherries_175g.jpg"
          },
          {
            "image_urls": [
              "https://www.edeka24.de/out/pictures/generated/product/1/224_224_90/duplo_white_10st_182g.jpg"
            ],
            "ItemTitle": "Duplo White 10ST 182G",
            "ItemPrice": "2,79€",
            "ItemUnit": "15,33€/kg",
            "local_image_path": "Lebensmittel/Süß & Salzig/duplo_white_10st_182g.jpg"
          },
          {
            "image_urls": [
              "https://www.edeka24.de/out/pictures/generated/product/1/224_224_90/milka_ganze_haselnsse_schokolade_100g.jpg"
            ],
            "ItemTitle": "Milka Ganze Haselnüsse Schokolade 100G",
            "ItemPrice": "1,39€",
            "ItemUnit": "13,90€/kg",
            "local_image_path": "Lebensmittel/Süß & Salzig/milka_ganze_haselnsse_schokolade_100g.jpg"
          },
          {
            "image_urls": [
              "https://www.edeka24.de/out/pictures/generated/product/1/224_224_90/toffifee.jpg"
            ],
            "ItemTitle": "Storck Toffifee große Packung 400G",
            "ItemPrice": "4,99€",
            "ItemUnit": "12,48€/kg",
            "local_image_path": "Lebensmittel/Süß & Salzig/toffifee.jpg"
          },
          {
            "image_urls": [
              "https://www.edeka24.de/out/pictures/generated/product/1/224_224_90/mayka_mayka_mini_brezeln_150_g_packung.jpg"
            ],
            "ItemTitle": "Mayka Mini-Brezel 150G",
            "ItemPrice": "1,69€",
            "ItemUnit": "11,27€/kg",
            "local_image_path": "Lebensmittel/Süß & Salzig/mayka_mayka_mini_brezeln_150_g_packung.jpg"
          },
          {
            "image_urls": [
              "https://www.edeka24.de/out/pictures/generated/product/1/224_224_90/roland_swiss_twist_swiss_cheese.jpg"
            ],
            "ItemTitle": "Roland Swiss Twist Swiss Cheese 100G",
            "ItemPrice": "2,29€",
            "ItemUnit": "22,90€/kg",
            "local_image_path": "Lebensmittel/Süß & Salzig/roland_swiss_twist_swiss_cheese.jpg"
          },
          {
            "image_urls": [
              "https://www.edeka24.de/out/pictures/generated/product/1/224_224_90/amp220ltje_erdnamp252sse_geramp246stetampampgesalzen180g.jpg"
            ],
            "ItemTitle": "Ültje Erdnüsse geröstet & gesalzen 180G",
            "ItemPrice": "2,29€",
            "ItemUnit": "12,72€/kg",
            "local_image_path": "Lebensmittel/Süß & Salzig/amp220ltje_erdnamp252sse_geramp246stetampampgesalzen180g.jpg"
          },
          {
            "image_urls": [
              "https://www.edeka24.de/out/pictures/generated/product/1/224_224_90/rskakao-mousse.jpg"
            ],
            "ItemTitle": "Ritter Sport Kakao-Mousse Tafel 100G",
            "ItemPrice": "1,29€",
            "ItemUnit": "12,90€/kg",
            "local_image_path": "Lebensmittel/Süß & Salzig/rskakao-mousse.jpg"
          },
          {
            "image_urls": [
              "https://www.edeka24.de/out/pictures/generated/product/1/224_224_90/lamcom.jpg"
            ],
            "ItemTitle": "Lambertz Compliments Gebäckmischung 2x 250G",
            "ItemPrice": "4,99€",
            "ItemUnit": "9,98€/kg",
            "local_image_path": "Lebensmittel/Süß & Salzig/lamcom.jpg"
          },
          {
            "image_urls": [
              "https://www.edeka24.de/out/pictures/generated/product/1/224_224_90/pommels_paprika_75g.jpg"
            ],
            "ItemTitle": "Lorenz Pommels Paprika 75G",
            "ItemPrice": "2,19€",
            "ItemUnit": "29,20€/kg",
            "local_image_path": "Lebensmittel/Süß & Salzig/pommels_paprika_75g.jpg"
          },
          {
            "image_urls": [
              "https://www.edeka24.de/out/pictures/generated/product/1/224_224_90/mikado_zartherb_75_g.jpg"
            ],
            "ItemTitle": "Mikado Zartherbe Schokolade 75G",
            "ItemPrice": "1,79€",
            "ItemUnit": "23,87€/kg",
            "local_image_path": "Lebensmittel/Süß & Salzig/mikado_zartherb_75_g.jpg"
          },
          {
            "image_urls": [
              "https://www.edeka24.de/out/pictures/generated/product/1/224_224_90/yogurette_erdbeere_100g.jpg"
            ],
            "ItemTitle": "Ferrero Yogurette Erdbeere 8ST 100G",
            "ItemPrice": "1,39€",
            "ItemUnit": "13,90€/kg",
            "local_image_path": "Lebensmittel/Süß & Salzig/yogurette_erdbeere_100g.jpg"
          },
          {
            "image_urls": [
              "https://www.edeka24.de/out/pictures/generated/product/1/224_224_90/cornyrieggelerdbeerejogh.jpg"
            ],
            "ItemTitle": "Corny Erdbeer-Joghurt Riegel 6ST 150G",
            "ItemPrice": "1,69€",
            "ItemUnit": "11,27€/kg",
            "local_image_path": "Wein/ Spirituosen/Spirituosen/highland_park_18_jahre_single_malt_whisky.jpg"
          },
          {
            "image_urls": [
              "https://www.edeka24.de/out/pictures/generated/product/1/224_224_90/haribo_pasta_frutta_160g.jpg"
            ],
            "ItemTitle": "Haribo Pasta Frutta sauer 160G",
            "ItemPrice": "1,29€",
            "ItemUnit": "8,06€/kg",
            "local_image_path": "Lebensmittel/Süß & Salzig/haribo_pasta_frutta_160g.jpg"
          },
          {
            "image_urls": [
              "https://www.edeka24.de/out/pictures/generated/product/1/224_224_90/huober_bio_schwbische_knusperbrezel.jpg"
            ],
            "ItemTitle": "Huober Bio Schwäbische Knusper-Brezel 175G",
            "ItemPrice": "1,79€",
            "ItemUnit": "10,23€/kg",
            "local_image_path": "Lebensmittel/Süß & Salzig/huober_bio_schwbische_knusperbrezel.jpg"
          },
          {
            "image_urls": [
              "https://www.edeka24.de/out/pictures/generated/product/1/224_224_90/milka_joghurt_schokolade_100g.jpg"
            ],
            "ItemTitle": "Milka Joghurt Schokolade 100G",
            "ItemPrice": "1,49€",
            "ItemUnit": "14,90€/kg",
            "local_image_path": "Lebensmittel/Süß & Salzig/milka_joghurt_schokolade_100g.jpg"
          },
          {
            "image_urls": [
              "https://www.edeka24.de/out/pictures/generated/product/1/224_224_90/rsrtn.jpg"
            ],
            "ItemTitle": "Ritter Sport Rum Trauben Nuss 100G",
            "ItemPrice": "1,59€",
            "ItemUnit": "15,90€/kg",
            "local_image_path": "Lebensmittel/Süß & Salzig/rsrtn.jpg"
          },
          {
            "image_urls": [
              "https://www.edeka24.de/out/pictures/generated/product/1/224_224_90/knoppersnrdark.jpg"
            ],
            "ItemTitle": "Knoppers Nussriegel Dark 5ST 200G",
            "ItemPrice": "2,29€",
            "ItemUnit": "11,45€/kg",
            "local_image_path": "Lebensmittel/Süß & Salzig/knoppersnrdark.jpg"
          },
          {
            "image_urls": [
              "https://www.edeka24.de/out/pictures/generated/product/1/224_224_90/edeka_cookies_double_chocolate_200g.jpg"
            ],
            "ItemTitle": "EDEKA Double Chocolate Cookies 200G",
            "ItemPrice": "1,79€",
            "ItemUnit": "8,95€/kg",
            "local_image_path": "Lebensmittel/Süß & Salzig/edeka_cookies_double_chocolate_200g.jpg"
          },
          {
            "image_urls": [
              "https://www.edeka24.de/out/pictures/generated/product/1/224_224_90/katjes_family_milchkater_fruitshake_275g.jpg"
            ],
            "ItemTitle": "Katjes Family Milchkater Fruitshake 275G",
            "ItemPrice": "1,09€",
            "ItemUnit": "3,96€/kg",
            "local_image_path": "Lebensmittel/Süß & Salzig/katjes_family_milchkater_fruitshake_275g.jpg"
          },
          {
            "image_urls": [
              "https://www.edeka24.de/out/pictures/generated/product/1/224_224_90/milka_tender_milch_minis_150g.jpg"
            ],
            "ItemTitle": "Milka Tender Milch Minis 150G",
            "ItemPrice": "2,49€",
            "ItemUnit": "16,60€/kg",
            "local_image_path": "Lebensmittel/Süß & Salzig/milka_tender_milch_minis_150g.jpg"
          },
          {
            "image_urls": [
              "https://www.edeka24.de/out/pictures/generated/product/1/224_224_90/mikadoweiss.jpg"
            ],
            "ItemTitle": "Mikado Weisse Schokolade 75G",
            "ItemPrice": "1,49€",
            "ItemUnit": "19,87€/kg",
            "local_image_path": "Lebensmittel/Süß & Salzig/mikadoweiss.jpg"
          },
          {
            "image_urls": [
              "https://www.edeka24.de/out/pictures/generated/product/1/224_224_90/hariboprimavera(1).jpg"
            ],
            "ItemTitle": "Haribo Primavera Erdbeeren 175G",
            "ItemPrice": "1,09€",
            "ItemUnit": "6,23€/kg",
            "local_image_path": "Lebensmittel/Süß & Salzig/hariboprimavera(1).jpg"
          },
          {
            "image_urls": [
              "https://www.edeka24.de/out/pictures/generated/product/1/224_224_90/milka_noisette_schokolade_100g.jpg"
            ],
            "ItemTitle": "Milka Noisette Schokolade 100G",
            "ItemPrice": "1,49€",
            "ItemUnit": "14,90€/kg",
            "local_image_path": "Lebensmittel/Süß & Salzig/milka_noisette_schokolade_100g.jpg"
          },
          {
            "image_urls": [
              "https://www.edeka24.de/out/pictures/generated/product/1/224_224_90/nimm2_lachgummi.jpg"
            ],
            "ItemTitle": "nimm2 Lachgummi 250G",
            "ItemPrice": "1,29€",
            "ItemUnit": "5,16€/kg",
            "local_image_path": "Lebensmittel/Süß & Salzig/nimm2_lachgummi.jpg"
          },
          {
            "image_urls": [
              "https://www.edeka24.de/out/pictures/generated/product/1/224_224_90/gut_amp_gnstig_pistazien_gerstet_amp_gesalzen.jpg"
            ],
            "ItemTitle": "Gut & Günstig Pistazien geröstet & gesalzen 250G",
            "ItemPrice": "3,89€",
            "ItemUnit": "15,56€/kg",
            "local_image_path": "Lebensmittel/Süß & Salzig/gut_amp_gnstig_pistazien_gerstet_amp_gesalzen.jpg"
          },
          {
            "image_urls": [
              "https://www.edeka24.de/out/pictures/generated/product/1/224_224_90/edeka_studentenfutter_edelmischung_ohne_salz(1).jpg"
            ],
            "ItemTitle": "EDEKA Studentenfutter Edelmischung ohne Salz 200G",
            "ItemPrice": "3,29€",
            "ItemUnit": "16,45€/kg",
            "local_image_path": "Lebensmittel/Süß & Salzig/edeka_studentenfutter_edelmischung_ohne_salz(1).jpg"
          },
          {
            "image_urls": [
              "https://www.edeka24.de/out/pictures/generated/product/1/224_224_90/haribo_colorrado_175g.jpg"
            ],
            "ItemTitle": "Haribo Color-Rado 175G",
            "ItemPrice": "1,29€",
            "ItemUnit": "7,37€/kg",
            "local_image_path": "Lebensmittel/Süß & Salzig/haribo_colorrado_175g.jpg"
          },
          {
            "image_urls": [
              "https://www.edeka24.de/out/pictures/generated/product/1/224_224_90/demeter_alnatura_dinkel_brezeln_125g.jpg"
            ],
            "ItemTitle": "Alnatura Bio Dinkel Brezeln Sesam 125G",
            "ItemPrice": "1,59€",
            "ItemUnit": "12,72€/kg",
            "local_image_path": "Bio-Produkte/Lebensmittel von Alnatura/demeter_alnatura_dinkel_brezeln_125g.jpg"
          },
          {
            "image_urls": [
              "https://www.edeka24.de/out/pictures/generated/product/1/224_224_90/edekarumkug.jpg"
            ],
            "ItemTitle": "EDEKA Jamaica Rumkugeln 250G",
            "ItemPrice": "1,29€",
            "ItemUnit": "5,16€/kg",
            "local_image_path": "Lebensmittel/Süß & Salzig/edekarumkug.jpg"
          },
          {
            "image_urls": [
              "https://www.edeka24.de/out/pictures/generated/product/1/224_224_90/funnyfrisch_goldfischli_sesam_100g.jpg"
            ],
            "ItemTitle": "Funny-Frisch goldfischli Sesam 100G",
            "ItemPrice": "1,59€",
            "ItemUnit": "15,90€/kg",
            "local_image_path": "Lebensmittel/Süß & Salzig/funnyfrisch_goldfischli_sesam_100g.jpg"
          },
          {
            "image_urls": [
              "https://www.edeka24.de/out/pictures/generated/product/1/224_224_90/edeka_pfefferminztaler_250g.jpg"
            ],
            "ItemTitle": "EDEKA Pfefferminz-Taler 250G",
            "ItemPrice": "1,59€",
            "ItemUnit": "6,36€/kg",
            "local_image_path": "Lebensmittel/Süß & Salzig/edeka_pfefferminztaler_250g.jpg"
          },
          {
            "image_urls": [
              "https://www.edeka24.de/out/pictures/generated/product/1/224_224_90/bahlsen_waffeletten_vollmilch.jpg"
            ],
            "ItemTitle": "Bahlsen Waffeletten Vollmilch 100G",
            "ItemPrice": "2,59€",
            "ItemUnit": "25,90€/kg",
            "local_image_path": "Lebensmittel/Süß & Salzig/bahlsen_waffeletten_vollmilch.jpg"
          },
          {
            "image_urls": [
              "https://www.edeka24.de/out/pictures/generated/product/1/224_224_90/leibnizpickupminischocmilk.jpg"
            ],
            "ItemTitle": "Leibniz Pick UP! Mini Choco & Milk 127G",
            "ItemSalePrice": "1,99€",
            "ItemUnit": "15,67€/kg",
            "local_image_path": "Angebote/default_subcategory/leibnizpickupminischocmilk.jpg"
          },
          {
            "image_urls": [
              "https://www.edeka24.de/out/pictures/generated/product/1/224_224_90/mayka_mayka_mini_brezeln_150_g_packung.jpg"
            ],
            "ItemTitle": "Mayka Mini-Brezel 150G",
            "ItemPrice": "1,69€",
            "ItemUnit": "11,27€/kg",
            "local_image_path": "Lebensmittel/Süß & Salzig/mayka_mayka_mini_brezeln_150_g_packung.jpg"
          },
          {
            "image_urls": [
              "https://www.edeka24.de/out/pictures/generated/product/1/224_224_90/roland_swiss_twist_swiss_cheese.jpg"
            ],
            "ItemTitle": "Roland Swiss Twist Swiss Cheese 100G",
            "ItemPrice": "2,29€",
            "ItemUnit": "22,90€/kg",
            "local_image_path": "Lebensmittel/Süß & Salzig/roland_swiss_twist_swiss_cheese.jpg"
          },
          {
            "image_urls": [
              "https://www.edeka24.de/out/pictures/generated/product/1/224_224_90/amp220ltje_erdnamp252sse_geramp246stetampampgesalzen180g.jpg"
            ],
            "ItemTitle": "Ültje Erdnüsse geröstet & gesalzen 180G",
            "ItemPrice": "2,29€",
            "ItemUnit": "12,72€/kg",
            "local_image_path": "Lebensmittel/Süß & Salzig/amp220ltje_erdnamp252sse_geramp246stetampampgesalzen180g.jpg"
          },
          {
            "image_urls": [
              "https://www.edeka24.de/out/pictures/generated/product/1/224_224_90/rskakao-mousse.jpg"
            ],
            "ItemTitle": "Ritter Sport Kakao-Mousse Tafel 100G",
            "ItemPrice": "1,29€",
            "ItemUnit": "12,90€/kg",
            "local_image_path": "Lebensmittel/Süß & Salzig/rskakao-mousse.jpg"
          },
          {
            "image_urls": [
              "https://www.edeka24.de/out/pictures/generated/product/1/224_224_90/lamcom.jpg"
            ],
            "ItemTitle": "Lambertz Compliments Gebäckmischung 2x 250G",
            "ItemPrice": "4,99€",
            "ItemUnit": "9,98€/kg",
            "local_image_path": "Lebensmittel/Süß & Salzig/lamcom.jpg"
          },
          {
            "image_urls": [
              "https://www.edeka24.de/out/pictures/generated/product/1/224_224_90/pommels_paprika_75g.jpg"
            ],
            "ItemTitle": "Lorenz Pommels Paprika 75G",
            "ItemPrice": "2,19€",
            "ItemUnit": "29,20€/kg",
            "local_image_path": "Lebensmittel/Süß & Salzig/pommels_paprika_75g.jpg"
          },
          {
            "image_urls": [
              "https://www.edeka24.de/out/pictures/generated/product/1/224_224_90/mikado_zartherb_75_g.jpg"
            ],
            "ItemTitle": "Mikado Zartherbe Schokolade 75G",
            "ItemPrice": "1,79€",
            "ItemUnit": "23,87€/kg",
            "local_image_path": "Lebensmittel/Süß & Salzig/mikado_zartherb_75_g.jpg"
          },
          {
            "image_urls": [
              "https://www.edeka24.de/out/pictures/generated/product/1/224_224_90/yogurette_erdbeere_100g.jpg"
            ],
            "ItemTitle": "Ferrero Yogurette Erdbeere 8ST 100G",
            "ItemPrice": "1,39€",
            "ItemUnit": "13,90€/kg",
            "local_image_path": "Lebensmittel/Süß & Salzig/yogurette_erdbeere_100g.jpg"
          },
          {
            "image_urls": [
              "https://www.edeka24.de/out/pictures/generated/product/1/224_224_90/cornyrieggelerdbeerejogh.jpg"
            ],
            "ItemTitle": "Corny Erdbeer-Joghurt Riegel 6ST 150G",
            "ItemPrice": "1,69€",
            "ItemUnit": "11,27€/kg",
            "local_image_path": "Wein/ Spirituosen/Spirituosen/highland_park_18_jahre_single_malt_whisky.jpg"
          },
          {
            "image_urls": [
              "https://www.edeka24.de/out/pictures/generated/product/1/224_224_90/haribo_pasta_frutta_160g.jpg"
            ],
            "ItemTitle": "Haribo Pasta Frutta sauer 160G",
            "ItemPrice": "1,29€",
            "ItemUnit": "8,06€/kg",
            "local_image_path": "Lebensmittel/Süß & Salzig/haribo_pasta_frutta_160g.jpg"
          },
          {
            "image_urls": [
              "https://www.edeka24.de/out/pictures/generated/product/1/224_224_90/huober_bio_schwbische_knusperbrezel.jpg"
            ],
            "ItemTitle": "Huober Bio Schwäbische Knusper-Brezel 175G",
            "ItemPrice": "1,79€",
            "ItemUnit": "10,23€/kg",
            "local_image_path": "Lebensmittel/Süß & Salzig/huober_bio_schwbische_knusperbrezel.jpg"
          },
          {
            "image_urls": [
              "https://www.edeka24.de/out/pictures/generated/product/1/224_224_90/milka_joghurt_schokolade_100g.jpg"
            ],
            "ItemTitle": "Milka Joghurt Schokolade 100G",
            "ItemPrice": "1,49€",
            "ItemUnit": "14,90€/kg",
            "local_image_path": "Lebensmittel/Süß & Salzig/milka_joghurt_schokolade_100g.jpg"
          },
          {
            "image_urls": [
              "https://www.edeka24.de/out/pictures/generated/product/1/224_224_90/rsrtn.jpg"
            ],
            "ItemTitle": "Ritter Sport Rum Trauben Nuss 100G",
            "ItemPrice": "1,59€",
            "ItemUnit": "15,90€/kg",
            "local_image_path": "Lebensmittel/Süß & Salzig/rsrtn.jpg"
          },
          {
            "image_urls": [
              "https://www.edeka24.de/out/pictures/generated/product/1/224_224_90/knoppersnrdark.jpg"
            ],
            "ItemTitle": "Knoppers Nussriegel Dark 5ST 200G",
            "ItemPrice": "2,29€",
            "ItemUnit": "11,45€/kg",
            "local_image_path": "Lebensmittel/Süß & Salzig/knoppersnrdark.jpg"
          },
          {
            "image_urls": [
              "https://www.edeka24.de/out/pictures/generated/product/1/224_224_90/edeka_cookies_double_chocolate_200g.jpg"
            ],
            "ItemTitle": "EDEKA Double Chocolate Cookies 200G",
            "ItemPrice": "1,79€",
            "ItemUnit": "8,95€/kg",
            "local_image_path": "Lebensmittel/Süß & Salzig/edeka_cookies_double_chocolate_200g.jpg"
          },
          {
            "image_urls": [
              "https://www.edeka24.de/out/pictures/generated/product/1/224_224_90/katjes_family_milchkater_fruitshake_275g.jpg"
            ],
            "ItemTitle": "Katjes Family Milchkater Fruitshake 275G",
            "ItemPrice": "1,09€",
            "ItemUnit": "3,96€/kg",
            "local_image_path": "Lebensmittel/Süß & Salzig/katjes_family_milchkater_fruitshake_275g.jpg"
          },
          {
            "image_urls": [
              "https://www.edeka24.de/out/pictures/generated/product/1/224_224_90/milka_tender_milch_minis_150g.jpg"
            ],
            "ItemTitle": "Milka Tender Milch Minis 150G",
            "ItemPrice": "2,49€",
            "ItemUnit": "16,60€/kg",
            "local_image_path": "Lebensmittel/Süß & Salzig/milka_tender_milch_minis_150g.jpg"
          },
          {
            "image_urls": [
              "https://www.edeka24.de/out/pictures/generated/product/1/224_224_90/mikadoweiss.jpg"
            ],
            "ItemTitle": "Mikado Weisse Schokolade 75G",
            "ItemPrice": "1,49€",
            "ItemUnit": "19,87€/kg",
            "local_image_path": "Lebensmittel/Süß & Salzig/mikadoweiss.jpg"
          },
          {
            "image_urls": [
              "https://www.edeka24.de/out/pictures/generated/product/1/224_224_90/hariboprimavera(1).jpg"
            ],
            "ItemTitle": "Haribo Primavera Erdbeeren 175G",
            "ItemPrice": "1,09€",
            "ItemUnit": "6,23€/kg",
            "local_image_path": "Lebensmittel/Süß & Salzig/hariboprimavera(1).jpg"
          },
          {
            "image_urls": [
              "https://www.edeka24.de/out/pictures/generated/product/1/224_224_90/milka_noisette_schokolade_100g.jpg"
            ],
            "ItemTitle": "Milka Noisette Schokolade 100G",
            "ItemPrice": "1,49€",
            "ItemUnit": "14,90€/kg",
            "local_image_path": "Lebensmittel/Süß & Salzig/milka_noisette_schokolade_100g.jpg"
          },
          {
            "image_urls": [
              "https://www.edeka24.de/out/pictures/generated/product/1/224_224_90/nimm2_lachgummi.jpg"
            ],
            "ItemTitle": "nimm2 Lachgummi 250G",
            "ItemPrice": "1,29€",
            "ItemUnit": "5,16€/kg",
            "local_image_path": "Lebensmittel/Süß & Salzig/nimm2_lachgummi.jpg"
          },
          {
            "image_urls": [
              "https://www.edeka24.de/out/pictures/generated/product/1/224_224_90/gut_amp_gnstig_pistazien_gerstet_amp_gesalzen.jpg"
            ],
            "ItemTitle": "Gut & Günstig Pistazien geröstet & gesalzen 250G",
            "ItemPrice": "3,89€",
            "ItemUnit": "15,56€/kg",
            "local_image_path": "Lebensmittel/Süß & Salzig/gut_amp_gnstig_pistazien_gerstet_amp_gesalzen.jpg"
          },
          {
            "image_urls": [
              "https://www.edeka24.de/out/pictures/generated/product/1/224_224_90/edeka_studentenfutter_edelmischung_ohne_salz(1).jpg"
            ],
            "ItemTitle": "EDEKA Studentenfutter Edelmischung ohne Salz 200G",
            "ItemPrice": "3,29€",
            "ItemUnit": "16,45€/kg",
            "local_image_path": "Lebensmittel/Süß & Salzig/edeka_studentenfutter_edelmischung_ohne_salz(1).jpg"
          },
          {
            "image_urls": [
              "https://www.edeka24.de/out/pictures/generated/product/1/224_224_90/haribo_colorrado_175g.jpg"
            ],
            "ItemTitle": "Haribo Color-Rado 175G",
            "ItemPrice": "1,29€",
            "ItemUnit": "7,37€/kg",
            "local_image_path": "Lebensmittel/Süß & Salzig/haribo_colorrado_175g.jpg"
          },
          {
            "image_urls": [
              "https://www.edeka24.de/out/pictures/generated/product/1/224_224_90/demeter_alnatura_dinkel_brezeln_125g.jpg"
            ],
            "ItemTitle": "Alnatura Bio Dinkel Brezeln Sesam 125G",
            "ItemPrice": "1,59€",
            "ItemUnit": "12,72€/kg",
            "local_image_path": "Bio-Produkte/Lebensmittel von Alnatura/demeter_alnatura_dinkel_brezeln_125g.jpg"
          },
          {
            "image_urls": [
              "https://www.edeka24.de/out/pictures/generated/product/1/224_224_90/edekarumkug.jpg"
            ],
            "ItemTitle": "EDEKA Jamaica Rumkugeln 250G",
            "ItemPrice": "1,29€",
            "ItemUnit": "5,16€/kg",
            "local_image_path": "Lebensmittel/Süß & Salzig/edekarumkug.jpg"
          },
          {
            "image_urls": [
              "https://www.edeka24.de/out/pictures/generated/product/1/224_224_90/funnyfrisch_goldfischli_sesam_100g.jpg"
            ],
            "ItemTitle": "Funny-Frisch goldfischli Sesam 100G",
            "ItemPrice": "1,59€",
            "ItemUnit": "15,90€/kg",
            "local_image_path": "Lebensmittel/Süß & Salzig/funnyfrisch_goldfischli_sesam_100g.jpg"
          },
          {
            "image_urls": [
              "https://www.edeka24.de/out/pictures/generated/product/1/224_224_90/edeka_pfefferminztaler_250g.jpg"
            ],
            "ItemTitle": "EDEKA Pfefferminz-Taler 250G",
            "ItemPrice": "1,59€",
            "ItemUnit": "6,36€/kg",
            "local_image_path": "Lebensmittel/Süß & Salzig/edeka_pfefferminztaler_250g.jpg"
          },
          {
            "image_urls": [
              "https://www.edeka24.de/out/pictures/generated/product/1/224_224_90/bahlsen_waffeletten_vollmilch.jpg"
            ],
            "ItemTitle": "Bahlsen Waffeletten Vollmilch 100G",
            "ItemPrice": "2,59€",
            "ItemUnit": "25,90€/kg",
            "local_image_path": "Lebensmittel/Süß & Salzig/bahlsen_waffeletten_vollmilch.jpg"
          },
          {
            "image_urls": [
              "https://www.edeka24.de/out/pictures/generated/product/1/224_224_90/leibnizpickupminischocmilk.jpg"
            ],
            "ItemTitle": "Leibniz Pick UP! Mini Choco & Milk 127G",
            "ItemSalePrice": "1,99€",
            "ItemUnit": "15,67€/kg",
            "local_image_path": "Angebote/default_subcategory/leibnizpickupminischocmilk.jpg"
          },
          {
            "image_urls": [
              "https://www.edeka24.de/out/pictures/generated/product/1/224_224_90/knoppers_minis_200g.jpg"
            ],
            "ItemTitle": "Knoppers Minis 200G",
            "ItemPrice": "2,99€",
            "ItemUnit": "14,95€/kg",
            "local_image_path": "Lebensmittel/Süß & Salzig/knoppers_minis_200g.jpg"
          },
          {
            "image_urls": [
              "https://www.edeka24.de/out/pictures/generated/product/1/224_224_90/rsmarzi.jpg"
            ],
            "ItemTitle": "Ritter Sport Marzipan 100G",
            "ItemPrice": "1,59€",
            "ItemUnit": "15,90€/kg",
            "local_image_path": "Lebensmittel/Süß & Salzig/rsmarzi.jpg"
          },
          {
            "image_urls": [
              "https://www.edeka24.de/out/pictures/generated/product/1/224_224_90/merci_petits_chocolate_collection_125g.jpg"
            ],
            "ItemTitle": "Merci Petits Chocolate Collection 125G",
            "ItemPrice": "2,29€",
            "ItemUnit": "18,32€/kg",
            "local_image_path": "Lebensmittel/Süß & Salzig/merci_petits_chocolate_collection_125g.jpg"
          },
          {
            "image_urls": [
              "https://www.edeka24.de/out/pictures/generated/product/1/224_224_90/milka_tender_milch_5st_185g.jpg"
            ],
            "ItemTitle": "Milka Tender Milch 185G",
            "ItemPrice": "2,49€",
            "ItemUnit": "13,46€/kg",
            "local_image_path": "Lebensmittel/Süß & Salzig/milka_tender_milch_5st_185g.jpg"
          },
          {
            "image_urls": [
              "https://www.edeka24.de/out/pictures/generated/product/1/224_224_90/alpia_weisse_schokolade.jpg"
            ],
            "ItemTitle": "Alpia Weisse Schokolade 100G",
            "ItemPrice": "1,19€",
            "ItemUnit": "11,90€/kg",
            "local_image_path": "Lebensmittel/Süß & Salzig/alpia_weisse_schokolade.jpg"
          },
          {
            "image_urls": [
              "https://www.edeka24.de/out/pictures/generated/product/1/224_224_90/frigeo_ahoj_brausebonbon_stangen.jpg"
            ],
            "ItemTitle": "Frigeo Ahoj Brausebonbon Stangen 69G",
            "ItemPrice": "0,99€",
            "ItemUnit": "14,35€/kg",
            "local_image_path": "Wein/ Spirituosen/Spirituosen/highland_park_18_jahre_single_malt_whisky.jpg"
          },
          {
            "image_urls": [
              "https://www.edeka24.de/out/pictures/generated/product/1/224_224_90/softcakekirsche.jpg"
            ],
            "ItemTitle": "Griesson Soft Cake Kirsch 300G",
            "ItemPrice": "1,69€",
            "ItemUnit": "5,63€/kg",
            "local_image_path": "Lebensmittel/Süß & Salzig/softcakekirsche.jpg"
          },
          {
            "image_urls": [
              "https://www.edeka24.de/out/pictures/generated/product/1/224_224_90/-4004363000406_iq.jpg"
            ],
            "ItemTitle": "Pico Madeleines mit Kakao 250G",
            "ItemPrice": "2,49€",
            "ItemUnit": "9,96€/kg",
            "local_image_path": "Lebensmittel/Süß & Salzig/-4004363000406_iq.jpg"
          },
          {
            "image_urls": [
              "https://www.edeka24.de/out/pictures/generated/product/1/224_224_90/corny_dunkleschokolade.jpg"
            ],
            "ItemTitle": "Corny Dunkle Schokolade Riegel 6ST 138G",
            "ItemPrice": "1,69€",
            "ItemUnit": "12,25€/kg",
            "local_image_path": "Wein/ Spirituosen/Spirituosen/highland_park_18_jahre_single_malt_whisky.jpg"
          },
          {
            "image_urls": [
              "https://www.edeka24.de/out/pictures/generated/product/1/224_224_90/lambertz_divina_113g.jpg"
            ],
            "ItemTitle": "Lambertz Divina 113G",
            "ItemPrice": "1,79€",
            "ItemUnit": "15,84€/kg",
            "local_image_path": "Wein/ Spirituosen/Spirituosen/highland_park_18_jahre_single_malt_whisky.jpg"
          },
          {
            "image_urls": [
              "https://www.edeka24.de/out/pictures/generated/product/1/224_224_90/rsschokowrfel.jpg"
            ],
            "ItemTitle": "Ritter Sport Schokowuerfel Dankeschön 176G",
            "ItemPrice": "2,89€",
            "ItemUnit": "16,42€/kg",
            "local_image_path": "Wein/ Spirituosen/Spirituosen/highland_park_18_jahre_single_malt_whisky.jpg"
          },
          {
            "image_urls": [
              "https://www.edeka24.de/out/pictures/generated/product/1/224_224_90/lachgummifruchtjoghurt.jpg"
            ],
            "ItemTitle": "nimm2 Lachgummi Frucht und Joghurt 250G",
            "ItemPrice": "1,29€",
            "ItemUnit": "5,16€/kg",
            "local_image_path": "Wein/ Spirituosen/Spirituosen/highland_park_18_jahre_single_malt_whisky.jpg"
          },
          {
            "image_urls": [
              "https://www.edeka24.de/out/pictures/generated/product/1/224_224_90/seeberger_cashewcranberrymix_150_g.jpg"
            ],
            "ItemTitle": "Seeberger Cashew-Cranberry-Mix 150G",
            "ItemPrice": "4,49€",
            "ItemUnit": "29,93€/kg",
            "local_image_path": "Lebensmittel/Süß & Salzig/seeberger_cashewcranberrymix_150_g.jpg"
          },
          {
            "image_urls": [
              "https://www.edeka24.de/out/pictures/generated/product/1/224_224_90/lagumigei.jpg"
            ],
            "ItemTitle": "nimm2 Lachgummi Milchgeister 225G",
            "ItemPrice": "1,29€",
            "ItemUnit": "5,73€/kg",
            "local_image_path": "Wein/ Spirituosen/Spirituosen/highland_park_18_jahre_single_malt_whisky.jpg"
          },
          {
            "image_urls": [
              "https://www.edeka24.de/out/pictures/generated/product/1/224_224_90/ferrero_kinder_happy_hippo_nuss_5x207g.jpg"
            ],
            "ItemTitle": "Ferrero Kinder Happy Hippo Haselnuss 5ST 103,5G",
            "ItemPrice": "1,99€",
            "ItemUnit": "19,32€/kg",
            "local_image_path": "Lebensmittel/Süß & Salzig/ferrero_kinder_happy_hippo_nuss_5x207g.jpg"
          },
          {
            "image_urls": [
              "https://www.edeka24.de/out/pictures/generated/product/1/224_224_90/amicelli(1).jpg"
            ],
            "ItemTitle": "Amicelli 200G",
            "ItemPrice": "3,79€",
            "ItemUnit": "18,95€/kg",
            "local_image_path": "Lebensmittel/Süß & Salzig/amicelli(1).jpg"
          },
          {
            "image_urls": [
              "https://www.edeka24.de/out/pictures/generated/product/1/224_224_90/alpiamarzipan.jpg"
            ],
            "ItemTitle": "Alpia Edel Marzipan 100G",
            "ItemPrice": "1,19€",
            "ItemUnit": "11,90€/kg",
            "local_image_path": "Lebensmittel/Süß & Salzig/alpiamarzipan.jpg"
          },
          {
            "image_urls": [
              "https://www.edeka24.de/out/pictures/generated/product/1/224_224_90/seeberger_gebrannte_krbiskerne_150_g.jpg"
            ],
            "ItemTitle": "Seeberger Gebrannte Kürbiskerne 150G",
            "ItemSalePrice": "2,00€",
            "ItemUnit": "13,33€/kg",
            "local_image_path": "Lebensmittel/Süß & Salzig/seeberger_gebrannte_krbiskerne_150_g.jpg"
          },
          {
            "image_urls": [
              "https://www.edeka24.de/out/pictures/generated/product/1/224_224_90/amp220ltje_ofenerdnamp252sse_180g.jpg"
            ],
            "ItemTitle": "Ültje Erdnüsse Ofengeröstet gesalzen 180G",
            "ItemPrice": "2,29€",
            "ItemUnit": "12,72€/kg",
            "local_image_path": "Wein/ Spirituosen/Spirituosen/highland_park_18_jahre_single_malt_whisky.jpg"
          },
          {
            "image_urls": [
              "https://www.edeka24.de/out/pictures/generated/product/1/224_224_90/zentis_belmanda_edelmarzipan_riegel_nougat_40g(1).jpg"
            ],
            "ItemTitle": "Zentis Belmanda Edel-Marzipan Riegel Nougat 40G",
            "ItemPrice": "0,89€",
            "ItemUnit": "22,25€/kg",
            "local_image_path": "Wein/ Spirituosen/Spirituosen/highland_park_18_jahre_single_malt_whisky.jpg"
          },
          {
            "image_urls": [
              "https://www.edeka24.de/out/pictures/generated/product/1/224_224_90/de_beukelaer_tuc_cracker_sour_cream_amp_onion.jpg"
            ],
            "ItemTitle": "De Beukelaer Tuc Cracker Sour Cream & Onion 100 g",
            "ItemPrice": "1,59€",
            "ItemUnit": "15,90€/kg",
            "local_image_path": "Wein/ Spirituosen/Spirituosen/highland_park_18_jahre_single_malt_whisky.jpg"
          },
          {
            "image_urls": [
              "https://www.edeka24.de/out/pictures/generated/product/1/224_224_90/leibniz_choco_edelherb_kekse_125g.jpg"
            ],
            "ItemTitle": "Leibniz Choco Edelherb Kekse 125G",
            "ItemPrice": "2,19€",
            "ItemUnit": "17,52€/kg",
            "local_image_path": "Lebensmittel/Süß & Salzig/leibniz_choco_edelherb_kekse_125g.jpg"
          },
          {
            "image_urls": [
              "https://www.edeka24.de/out/pictures/generated/product/1/224_224_90/milka_daim_schokolade_100g.jpg"
            ],
            "ItemTitle": "Milka Daim Schokolade 100G",
            "ItemPrice": "1,49€",
            "ItemUnit": "14,90€/kg",
            "local_image_path": "Wein/ Spirituosen/Spirituosen/highland_park_18_jahre_single_malt_whisky.jpg"
          },
          {
            "image_urls": [
              "https://www.edeka24.de/out/pictures/generated/product/1/224_224_90/milka_chocominis_kekse_185g.jpg"
            ],
            "ItemTitle": "Milka Choco Mini Stars 185G",
            "ItemPrice": "2,49€",
            "ItemUnit": "13,46€/kg",
            "local_image_path": "Wein/ Spirituosen/Spirituosen/highland_park_18_jahre_single_malt_whisky.jpg"
          },
          {
            "image_urls": [
              "https://www.edeka24.de/out/pictures/generated/product/1/224_224_90/katjes_family_glamp252cksherzen_275g.jpg"
            ],
            "ItemTitle": "Katjes Family Glücksherzen 275G",
            "ItemPrice": "1,09€",
            "ItemUnit": "3,96€/kg",
            "local_image_path": "Lebensmittel/Süß & Salzig/katjes_family_glamp252cksherzen_275g.jpg"
          },
          {
            "image_urls": [
              "https://www.edeka24.de/out/pictures/generated/product/1/224_224_90/oreo-doppelkeksvanillecreme_1000.jpg"
            ],
            "ItemTitle": "Oreo Doppelkeks Original 176G",
            "ItemPrice": "1,99€",
            "ItemUnit": "11,31€/kg",
            "local_image_path": "Lebensmittel/Süß & Salzig/oreo-doppelkeksvanillecreme_1000.jpg"
          },
          {
            "image_urls": [
              "https://www.edeka24.de/out/pictures/generated/product/1/224_224_90/cailler_milchschokolade_100g.jpg"
            ],
            "ItemTitle": "Cailler Milch-Schokolade 100G",
            "ItemPrice": "2,29€",
            "ItemUnit": "22,90€/kg",
            "local_image_path": "Lebensmittel/Süß & Salzig/cailler_milchschokolade_100g.jpg"
          },
          {
            "image_urls": [
              "https://www.edeka24.de/out/pictures/generated/product/1/224_224_90/storck_durchbeier.jpg"
            ],
            "ItemTitle": "Storck Durchbeißer 425G",
            "ItemPrice": "2,29€",
            "ItemUnit": "5,39€/kg",
            "local_image_path": "Lebensmittel/Süß & Salzig/storck_durchbeier.jpg"
          },
          {
            "image_urls": [
              "https://www.edeka24.de/out/pictures/generated/product/1/224_224_90/haribo_chamaleon_175g.jpg"
            ],
            "ItemTitle": "Haribo Chamäleon 175G",
            "ItemPrice": "1,19€",
            "ItemUnit": "6,80€/kg",
            "local_image_path": "Wein/ Spirituosen/Spirituosen/highland_park_18_jahre_single_malt_whisky.jpg"
          },
          {
            "image_urls": [
              "https://www.edeka24.de/out/pictures/generated/product/1/224_224_90/leibniz_butterkeks_weniger_zucker_150g.jpg"
            ],
            "ItemTitle": "Leibniz Butterkeks 30% weniger Zucker 150G",
            "ItemPrice": "1,99€",
            "ItemUnit": "13,27€/kg",
            "local_image_path": "Lebensmittel/Süß & Salzig/leibniz_butterkeks_weniger_zucker_150g.jpg"
          },
          {
            "image_urls": [
              "https://www.edeka24.de/out/pictures/generated/product/1/224_224_90/alnatura_bio_dinkel_doppel_keks.jpg"
            ],
            "ItemTitle": "Alnatura Bio Dinkel Doppel Keks Zartbitter 330G",
            "ItemPrice": "2,69€",
            "ItemUnit": "8,15€/kg",
            "local_image_path": "Bio-Produkte/Lebensmittel von Alnatura/alnatura_bio_dinkel_doppel_keks.jpg"
          },
          {
            "image_urls": [
              "https://www.edeka24.de/out/pictures/generated/product/1/224_224_90/lorenz_saltletts_maxi_sticks.jpg"
            ],
            "ItemTitle": "Lorenz Saltletts Maxi Sticks 125G",
            "ItemPrice": "1,79€",
            "ItemUnit": "14,32€/kg",
            "local_image_path": "Lebensmittel/Süß & Salzig/lorenz_saltletts_maxi_sticks.jpg"
          },
          {
            "image_urls": [
              "https://www.edeka24.de/out/pictures/generated/product/1/224_224_90/alnatura_bio_schoko_orangen_kekse_150_g.jpg"
            ],
            "ItemTitle": "Alnatura Bio Schoko Orangen Kekse 150G",
            "ItemPrice": "2,29€",
            "ItemUnit": "15,27€/kg",
            "local_image_path": "Bio-Produkte/Lebensmittel von Alnatura/alnatura_bio_schoko_orangen_kekse_150_g.jpg"
          },
          {
            "image_urls": [
              "https://www.edeka24.de/out/pictures/generated/product/1/224_224_90/kinder_schokolade_100g.jpg"
            ],
            "ItemTitle": "Kinder Schokolade 8ST 100G",
            "ItemPrice": "1,39€",
            "ItemUnit": "13,90€/kg",
            "local_image_path": "Wein/ Spirituosen/Spirituosen/highland_park_18_jahre_single_malt_whisky.jpg"
          },
          {
            "image_urls": [
              "https://www.edeka24.de/out/pictures/generated/product/1/224_224_90/alnaturaschokoreiswaffelnvm.jpg"
            ],
            "ItemTitle": "Alnatura Bio Schoko Reis Waffeln Vollmilch 100G",
            "ItemPrice": "1,29€",
            "ItemUnit": "12,90€/kg",
            "local_image_path": "Bio-Produkte/Lebensmittel von Alnatura/alnaturaschokoreiswaffelnvm.jpg"
          },
          {
            "image_urls": [
              "https://www.edeka24.de/out/pictures/generated/product/1/224_224_90/kinder_riegel_10st.jpg"
            ],
            "ItemTitle": "Kinder Riegel 10ST 210G",
            "ItemPrice": "2,79€",
            "ItemUnit": "13,29€/kg",
            "local_image_path": "Wein/ Spirituosen/Spirituosen/highland_park_18_jahre_single_malt_whisky.jpg"
          },
          {
            "image_urls": [
              "https://www.edeka24.de/out/pictures/generated/product/1/224_224_90/milka_caramel_100g.jpg"
            ],
            "ItemTitle": "Milka Caramel 100G",
            "ItemPrice": "1,39€",
            "ItemUnit": "13,90€/kg",
            "local_image_path": "Lebensmittel/Süß & Salzig/milka_caramel_100g.jpg"
          },
          {
            "image_urls": [
              "https://www.edeka24.de/out/pictures/generated/product/1/224_224_90/bio_alnmarzipan_riegel_zb_40g.jpg"
            ],
            "ItemTitle": "Alnatura Bio Marzipan Riegel Zartbitter 40G",
            "ItemPrice": "1,29€",
            "ItemUnit": "32,25€/kg",
            "local_image_path": "Lebensmittel/Süß & Salzig/bio_alnmarzipan_riegel_zb_40g.jpg"
          },
          {
            "image_urls": [
              "https://www.edeka24.de/out/pictures/generated/product/1/224_224_90/nimm2_lachgummi_apfellinge225g.jpg"
            ],
            "ItemTitle": "nimm2 Lachgummi Apfellinge 225G",
            "ItemPrice": "1,29€",
            "ItemUnit": "5,73€/kg",
            "local_image_path": "Lebensmittel/Süß & Salzig/nimm2_lachgummi_apfellinge225g.jpg"
          },
          {
            "image_urls": [
              "https://www.edeka24.de/out/pictures/generated/product/1/224_224_90/giotto_haselnuss_stangen.jpg"
            ],
            "ItemTitle": "Giotto Haselnuss Stangen 4ST 154,8G",
            "ItemPrice": "3,29€",
            "ItemUnit": "21,25€/kg",
            "local_image_path": "Lebensmittel/Süß & Salzig/giotto_haselnuss_stangen.jpg"
          },
          {
            "image_urls": [
              "https://www.edeka24.de/out/pictures/generated/product/1/224_224_90/knoppersnussriegel.jpg"
            ],
            "ItemTitle": "Knoppers Nuss Riegel 5ST 200G",
            "ItemPrice": "2,29€",
            "ItemUnit": "11,45€/kg",
            "local_image_path": "Lebensmittel/Süß & Salzig/knoppersnussriegel.jpg"
          },
          {
            "image_urls": [
              "https://www.edeka24.de/out/pictures/generated/product/1/224_224_90/milkanussini.jpg"
            ],
            "ItemTitle": "Milka Nussini 5ST 157,5G",
            "ItemPrice": "2,69€",
            "ItemUnit": "17,08€/kg",
            "local_image_path": "Wein/ Spirituosen/Spirituosen/highland_park_18_jahre_single_malt_whisky.jpg"
          },
          {
            "image_urls": [
              "https://www.edeka24.de/out/pictures/generated/product/1/224_224_90/bio_alnatura_nusskernmischung_200g.jpg"
            ],
            "ItemTitle": "Alnatura Bio Nusskernmischung 200G",
            "ItemPrice": "4,29€",
            "ItemUnit": "21,45€/kg",
            "local_image_path": "Lebensmittel/Süß & Salzig/bio_alnatura_nusskernmischung_200g.jpg"
          },
          {
            "image_urls": [
              "https://www.edeka24.de/out/pictures/generated/product/1/224_224_90/nestle_choclait_chips_white_115g.jpg"
            ],
            "ItemTitle": "Nestle Choclait Chips White 115G",
            "ItemPrice": "2,69€",
            "ItemUnit": "23,39€/kg",
            "local_image_path": "Lebensmittel/Süß & Salzig/nestle_choclait_chips_white_115g.jpg"
          },
          {
            "image_urls": [
              "https://www.edeka24.de/out/pictures/generated/product/1/224_224_90/leibniz_kakaokeks_200g.jpg"
            ],
            "ItemTitle": "Leibniz Kakaokeks 200G",
            "ItemPrice": "1,99€",
            "ItemUnit": "9,95€/kg",
            "local_image_path": "Lebensmittel/Süß & Salzig/leibniz_kakaokeks_200g.jpg"
          },
          {
            "image_urls": [
              "https://www.edeka24.de/out/pictures/generated/product/1/224_224_90/milka_cake_amp_choc_5x_35_g.jpg"
            ],
            "ItemTitle": "Milka Cake & Choc 175G",
            "ItemPrice": "2,39€",
            "ItemUnit": "13,66€/kg",
            "local_image_path": "Wein/ Spirituosen/Spirituosen/highland_park_18_jahre_single_malt_whisky.jpg"
          },
          {
            "image_urls": [
              "https://www.edeka24.de/out/pictures/generated/product/1/224_224_90/edeka_bio_schweizer_zartbitterschokolade_70_100g.jpg"
            ],
            "ItemTitle": "EDEKA Bio Schweizer Zartbitterschokolade 70% 100G",
            "ItemPrice": "1,59€",
            "ItemUnit": "15,90€/kg",
            "local_image_path": "Wein/ Spirituosen/Spirituosen/highland_park_18_jahre_single_malt_whisky.jpg"
          },
          {
            "image_urls": [
              "https://www.edeka24.de/out/pictures/generated/product/1/224_224_90/milka_soft_choc_amp_choc_175_g.jpg"
            ],
            "ItemTitle": "Milka Choc & Choc 175G",
            "ItemPrice": "2,39€",
            "ItemUnit": "13,66€/kg",
            "local_image_path": "Wein/ Spirituosen/Spirituosen/highland_park_18_jahre_single_malt_whisky.jpg"
          },
          {
            "image_urls": [
              "https://www.edeka24.de/out/pictures/generated/product/1/224_224_90/mannerzitrone.jpg"
            ],
            "ItemTitle": "Manner Schnitten Zitrone 400G",
            "ItemPrice": "3,99€",
            "ItemUnit": "9,98€/kg",
            "local_image_path": "Lebensmittel/Süß & Salzig/mannerzitrone.jpg"
          },
          {
            "image_urls": [
              "https://www.edeka24.de/out/pictures/generated/product/1/224_224_90/nestle_choco_crossies_classic.jpg"
            ],
            "ItemTitle": "Nestle Choco Crossies Classic 2x75G",
            "ItemPrice": "2,69€",
            "ItemUnit": "17,93€/kg",
            "local_image_path": "Wein/ Spirituosen/Spirituosen/highland_park_18_jahre_single_malt_whisky.jpg"
          },
          {
            "image_urls": [
              "https://www.edeka24.de/out/pictures/generated/product/1/224_224_90/haribo_pfirsiche_175g.jpg"
            ],
            "ItemTitle": "Haribo Pfirsiche 175G",
            "ItemPrice": "1,29€",
            "ItemUnit": "7,37€/kg",
            "local_image_path": "Wein/ Spirituosen/Spirituosen/highland_park_18_jahre_single_malt_whisky.jpg"
          },
          {
            "image_urls": [
              "https://www.edeka24.de/out/pictures/generated/product/1/224_224_90/katjes_family_cola_playa_275g.jpg"
            ],
            "ItemTitle": "Katjes Family Cola Playa 275G",
            "ItemPrice": "1,09€",
            "ItemUnit": "3,96€/kg",
            "local_image_path": "Lebensmittel/Süß & Salzig/katjes_family_cola_playa_275g.jpg"
          },
          {
            "image_urls": [
              "https://www.edeka24.de/out/pictures/generated/product/1/224_224_90/alpia_schoko_fruties_225g.jpg"
            ],
            "ItemTitle": "Alpia Schoko Fruties 225G",
            "ItemPrice": "2,29€",
            "ItemUnit": "10,18€/kg",
            "local_image_path": "Lebensmittel/Süß & Salzig/alpia_schoko_fruties_225g.jpg"
          },
          {
            "image_urls": [
              "https://www.edeka24.de/out/pictures/generated/product/1/224_224_90/edekakokkosflock.jpg"
            ],
            "ItemTitle": "EDEKA Kokosflocken 200G",
            "ItemPrice": "1,29€",
            "ItemUnit": "6,45€/kg",
            "local_image_path": "Lebensmittel/Süß & Salzig/edekakokkosflock.jpg"
          },
          {
            "image_urls": [
              "https://www.edeka24.de/out/pictures/generated/product/1/224_224_90/bio_alnatura_mais_minis_a_la_sour_creamampamponion_50g.jpg"
            ],
            "ItemTitle": "Alnatura Bio Mais Minis a la Sour Cream & Onion 50G",
            "ItemPrice": "1,29€",
            "ItemUnit": "25,80€/kg",
            "local_image_path": "Bio-Produkte/Frühstücksartikel von Alnatura/bio_alnatura_mais_minis_a_la_sour_creamampamponion_50g.jpg"
          },
          {
            "image_urls": [
              "https://www.edeka24.de/out/pictures/generated/product/1/224_224_90/roland_bretzeli_classic.jpg"
            ],
            "ItemTitle": "Roland Bretzeli Classic 100G",
            "ItemPrice": "2,49€",
            "ItemUnit": "24,90€/kg",
            "local_image_path": "Lebensmittel/Süß & Salzig/roland_bretzeli_classic.jpg"
          },
          {
            "image_urls": [
              "https://www.edeka24.de/out/pictures/generated/product/1/224_224_90/seeberger_balancefruits_200_g.jpg"
            ],
            "ItemTitle": "Seeberger Balance-Fruits 200G",
            "ItemPrice": "3,59€",
            "ItemUnit": "17,95€/kg",
            "local_image_path": "Lebensmittel/Süß & Salzig/seeberger_balancefruits_200_g.jpg"
          },
          {
            "image_urls": [
              "https://www.edeka24.de/out/pictures/generated/product/1/224_224_90/storck_werthers_echte_original.jpg"
            ],
            "ItemTitle": "Werther's Original klassische Sahnebonbons 245G",
            "ItemPrice": "1,89€",
            "ItemUnit": "7,71€/kg",
            "local_image_path": "Lebensmittel/Süß & Salzig/storck_werthers_echte_original.jpg"
          },
          {
            "image_urls": [
              "https://www.edeka24.de/out/pictures/generated/product/1/224_224_90/griessonsoftacakeorangevoll2017.jpg"
            ],
            "ItemTitle": "Griesson Soft Cake Vollmilch-Orange 300G",
            "ItemPrice": "1,69€",
            "ItemUnit": "5,63€/kg",
            "local_image_path": "Lebensmittel/Süß & Salzig/griessonsoftacakeorangevoll2017.jpg"
          },
          {
            "image_urls": [
              "https://www.edeka24.de/out/pictures/generated/product/1/224_224_90/koala_milch_fs-neutral_freisteller_850.jpg"
            ],
            "ItemTitle": "Kuchemeister Koala Milch 75G",
            "ItemPrice": "1,89€",
            "ItemUnit": "25,20€/kg",
            "local_image_path": "Lebensmittel/Süß & Salzig/koala_milch_fs-neutral_freisteller_850.jpg"
          },
          {
            "image_urls": [
              "https://www.edeka24.de/out/pictures/generated/product/1/224_224_90/alnatura_bio_dinkel_doppel_keks.jpg"
            ],
            "ItemTitle": "Alnatura Bio Dinkel Doppel Keks Zartbitter 330G",
            "ItemPrice": "2,69€",
            "ItemUnit": "8,15€/kg",
            "local_image_path": "Bio-Produkte/Lebensmittel von Alnatura/alnatura_bio_dinkel_doppel_keks.jpg"
          },
          {
            "image_urls": [
              "https://www.edeka24.de/out/pictures/generated/product/1/224_224_90/lorenz_saltletts_maxi_sticks.jpg"
            ],
            "ItemTitle": "Lorenz Saltletts Maxi Sticks 125G",
            "ItemPrice": "1,79€",
            "ItemUnit": "14,32€/kg",
            "local_image_path": "Lebensmittel/Süß & Salzig/lorenz_saltletts_maxi_sticks.jpg"
          },
          {
            "image_urls": [
              "https://www.edeka24.de/out/pictures/generated/product/1/224_224_90/alnatura_bio_schoko_orangen_kekse_150_g.jpg"
            ],
            "ItemTitle": "Alnatura Bio Schoko Orangen Kekse 150G",
            "ItemPrice": "2,29€",
            "ItemUnit": "15,27€/kg",
            "local_image_path": "Bio-Produkte/Lebensmittel von Alnatura/alnatura_bio_schoko_orangen_kekse_150_g.jpg"
          },
          {
            "image_urls": [
              "https://www.edeka24.de/out/pictures/generated/product/1/224_224_90/kinder_schokolade_100g.jpg"
            ],
            "ItemTitle": "Kinder Schokolade 8ST 100G",
            "ItemPrice": "1,39€",
            "ItemUnit": "13,90€/kg",
            "local_image_path": "Wein/ Spirituosen/Spirituosen/highland_park_18_jahre_single_malt_whisky.jpg"
          },
          {
            "image_urls": [
              "https://www.edeka24.de/out/pictures/generated/product/1/224_224_90/alnaturaschokoreiswaffelnvm.jpg"
            ],
            "ItemTitle": "Alnatura Bio Schoko Reis Waffeln Vollmilch 100G",
            "ItemPrice": "1,29€",
            "ItemUnit": "12,90€/kg",
            "local_image_path": "Bio-Produkte/Lebensmittel von Alnatura/alnaturaschokoreiswaffelnvm.jpg"
          },
          {
            "image_urls": [
              "https://www.edeka24.de/out/pictures/generated/product/1/224_224_90/kinder_riegel_10st.jpg"
            ],
            "ItemTitle": "Kinder Riegel 10ST 210G",
            "ItemPrice": "2,79€",
            "ItemUnit": "13,29€/kg",
            "local_image_path": "Wein/ Spirituosen/Spirituosen/highland_park_18_jahre_single_malt_whisky.jpg"
          },
          {
            "image_urls": [
              "https://www.edeka24.de/out/pictures/generated/product/1/224_224_90/milka_caramel_100g.jpg"
            ],
            "ItemTitle": "Milka Caramel 100G",
            "ItemPrice": "1,39€",
            "ItemUnit": "13,90€/kg",
            "local_image_path": "Lebensmittel/Süß & Salzig/milka_caramel_100g.jpg"
          },
          {
            "image_urls": [
              "https://www.edeka24.de/out/pictures/generated/product/1/224_224_90/bio_alnmarzipan_riegel_zb_40g.jpg"
            ],
            "ItemTitle": "Alnatura Bio Marzipan Riegel Zartbitter 40G",
            "ItemPrice": "1,29€",
            "ItemUnit": "32,25€/kg",
            "local_image_path": "Lebensmittel/Süß & Salzig/bio_alnmarzipan_riegel_zb_40g.jpg"
          },
          {
            "image_urls": [
              "https://www.edeka24.de/out/pictures/generated/product/1/224_224_90/nimm2_lachgummi_apfellinge225g.jpg"
            ],
            "ItemTitle": "nimm2 Lachgummi Apfellinge 225G",
            "ItemPrice": "1,29€",
            "ItemUnit": "5,73€/kg",
            "local_image_path": "Lebensmittel/Süß & Salzig/nimm2_lachgummi_apfellinge225g.jpg"
          },
          {
            "image_urls": [
              "https://www.edeka24.de/out/pictures/generated/product/1/224_224_90/giotto_haselnuss_stangen.jpg"
            ],
            "ItemTitle": "Giotto Haselnuss Stangen 4ST 154,8G",
            "ItemPrice": "3,29€",
            "ItemUnit": "21,25€/kg",
            "local_image_path": "Lebensmittel/Süß & Salzig/giotto_haselnuss_stangen.jpg"
          },
          {
            "image_urls": [
              "https://www.edeka24.de/out/pictures/generated/product/1/224_224_90/knoppersnussriegel.jpg"
            ],
            "ItemTitle": "Knoppers Nuss Riegel 5ST 200G",
            "ItemPrice": "2,29€",
            "ItemUnit": "11,45€/kg",
            "local_image_path": "Lebensmittel/Süß & Salzig/knoppersnussriegel.jpg"
          },
          {
            "image_urls": [
              "https://www.edeka24.de/out/pictures/generated/product/1/224_224_90/milkanussini.jpg"
            ],
            "ItemTitle": "Milka Nussini 5ST 157,5G",
            "ItemPrice": "2,69€",
            "ItemUnit": "17,08€/kg",
            "local_image_path": "Wein/ Spirituosen/Spirituosen/highland_park_18_jahre_single_malt_whisky.jpg"
          },
          {
            "image_urls": [
              "https://www.edeka24.de/out/pictures/generated/product/1/224_224_90/bio_alnatura_nusskernmischung_200g.jpg"
            ],
            "ItemTitle": "Alnatura Bio Nusskernmischung 200G",
            "ItemPrice": "4,29€",
            "ItemUnit": "21,45€/kg",
            "local_image_path": "Lebensmittel/Süß & Salzig/bio_alnatura_nusskernmischung_200g.jpg"
          },
          {
            "image_urls": [
              "https://www.edeka24.de/out/pictures/generated/product/1/224_224_90/nestle_choclait_chips_white_115g.jpg"
            ],
            "ItemTitle": "Nestle Choclait Chips White 115G",
            "ItemPrice": "2,69€",
            "ItemUnit": "23,39€/kg",
            "local_image_path": "Lebensmittel/Süß & Salzig/nestle_choclait_chips_white_115g.jpg"
          },
          {
            "image_urls": [
              "https://www.edeka24.de/out/pictures/generated/product/1/224_224_90/leibniz_kakaokeks_200g.jpg"
            ],
            "ItemTitle": "Leibniz Kakaokeks 200G",
            "ItemPrice": "1,99€",
            "ItemUnit": "9,95€/kg",
            "local_image_path": "Lebensmittel/Süß & Salzig/leibniz_kakaokeks_200g.jpg"
          },
          {
            "image_urls": [
              "https://www.edeka24.de/out/pictures/generated/product/1/224_224_90/milka_cake_amp_choc_5x_35_g.jpg"
            ],
            "ItemTitle": "Milka Cake & Choc 175G",
            "ItemPrice": "2,39€",
            "ItemUnit": "13,66€/kg",
            "local_image_path": "Wein/ Spirituosen/Spirituosen/highland_park_18_jahre_single_malt_whisky.jpg"
          },
          {
            "image_urls": [
              "https://www.edeka24.de/out/pictures/generated/product/1/224_224_90/edeka_bio_schweizer_zartbitterschokolade_70_100g.jpg"
            ],
            "ItemTitle": "EDEKA Bio Schweizer Zartbitterschokolade 70% 100G",
            "ItemPrice": "1,59€",
            "ItemUnit": "15,90€/kg",
            "local_image_path": "Wein/ Spirituosen/Spirituosen/highland_park_18_jahre_single_malt_whisky.jpg"
          },
          {
            "image_urls": [
              "https://www.edeka24.de/out/pictures/generated/product/1/224_224_90/milka_soft_choc_amp_choc_175_g.jpg"
            ],
            "ItemTitle": "Milka Choc & Choc 175G",
            "ItemPrice": "2,39€",
            "ItemUnit": "13,66€/kg",
            "local_image_path": "Wein/ Spirituosen/Spirituosen/highland_park_18_jahre_single_malt_whisky.jpg"
          },
          {
            "image_urls": [
              "https://www.edeka24.de/out/pictures/generated/product/1/224_224_90/mannerzitrone.jpg"
            ],
            "ItemTitle": "Manner Schnitten Zitrone 400G",
            "ItemPrice": "3,99€",
            "ItemUnit": "9,98€/kg",
            "local_image_path": "Lebensmittel/Süß & Salzig/mannerzitrone.jpg"
          },
          {
            "image_urls": [
              "https://www.edeka24.de/out/pictures/generated/product/1/224_224_90/nestle_choco_crossies_classic.jpg"
            ],
            "ItemTitle": "Nestle Choco Crossies Classic 2x75G",
            "ItemPrice": "2,69€",
            "ItemUnit": "17,93€/kg",
            "local_image_path": "Wein/ Spirituosen/Spirituosen/highland_park_18_jahre_single_malt_whisky.jpg"
          },
          {
            "image_urls": [
              "https://www.edeka24.de/out/pictures/generated/product/1/224_224_90/haribo_pfirsiche_175g.jpg"
            ],
            "ItemTitle": "Haribo Pfirsiche 175G",
            "ItemPrice": "1,29€",
            "ItemUnit": "7,37€/kg",
            "local_image_path": "Wein/ Spirituosen/Spirituosen/highland_park_18_jahre_single_malt_whisky.jpg"
          },
          {
            "image_urls": [
              "https://www.edeka24.de/out/pictures/generated/product/1/224_224_90/katjes_family_cola_playa_275g.jpg"
            ],
            "ItemTitle": "Katjes Family Cola Playa 275G",
            "ItemPrice": "1,09€",
            "ItemUnit": "3,96€/kg",
            "local_image_path": "Lebensmittel/Süß & Salzig/katjes_family_cola_playa_275g.jpg"
          },
          {
            "image_urls": [
              "https://www.edeka24.de/out/pictures/generated/product/1/224_224_90/alpia_schoko_fruties_225g.jpg"
            ],
            "ItemTitle": "Alpia Schoko Fruties 225G",
            "ItemPrice": "2,29€",
            "ItemUnit": "10,18€/kg",
            "local_image_path": "Lebensmittel/Süß & Salzig/alpia_schoko_fruties_225g.jpg"
          },
          {
            "image_urls": [
              "https://www.edeka24.de/out/pictures/generated/product/1/224_224_90/edekakokkosflock.jpg"
            ],
            "ItemTitle": "EDEKA Kokosflocken 200G",
            "ItemPrice": "1,29€",
            "ItemUnit": "6,45€/kg",
            "local_image_path": "Lebensmittel/Süß & Salzig/edekakokkosflock.jpg"
          },
          {
            "image_urls": [
              "https://www.edeka24.de/out/pictures/generated/product/1/224_224_90/bio_alnatura_mais_minis_a_la_sour_creamampamponion_50g.jpg"
            ],
            "ItemTitle": "Alnatura Bio Mais Minis a la Sour Cream & Onion 50G",
            "ItemPrice": "1,29€",
            "ItemUnit": "25,80€/kg",
            "local_image_path": "Bio-Produkte/Frühstücksartikel von Alnatura/bio_alnatura_mais_minis_a_la_sour_creamampamponion_50g.jpg"
          },
          {
            "image_urls": [
              "https://www.edeka24.de/out/pictures/generated/product/1/224_224_90/roland_bretzeli_classic.jpg"
            ],
            "ItemTitle": "Roland Bretzeli Classic 100G",
            "ItemPrice": "2,49€",
            "ItemUnit": "24,90€/kg",
            "local_image_path": "Lebensmittel/Süß & Salzig/roland_bretzeli_classic.jpg"
          },
          {
            "image_urls": [
              "https://www.edeka24.de/out/pictures/generated/product/1/224_224_90/seeberger_balancefruits_200_g.jpg"
            ],
            "ItemTitle": "Seeberger Balance-Fruits 200G",
            "ItemPrice": "3,59€",
            "ItemUnit": "17,95€/kg",
            "local_image_path": "Lebensmittel/Süß & Salzig/seeberger_balancefruits_200_g.jpg"
          },
          {
            "image_urls": [
              "https://www.edeka24.de/out/pictures/generated/product/1/224_224_90/storck_werthers_echte_original.jpg"
            ],
            "ItemTitle": "Werther's Original klassische Sahnebonbons 245G",
            "ItemPrice": "1,89€",
            "ItemUnit": "7,71€/kg",
            "local_image_path": "Lebensmittel/Süß & Salzig/storck_werthers_echte_original.jpg"
          },
          {
            "image_urls": [
              "https://www.edeka24.de/out/pictures/generated/product/1/224_224_90/griessonsoftacakeorangevoll2017.jpg"
            ],
            "ItemTitle": "Griesson Soft Cake Vollmilch-Orange 300G",
            "ItemPrice": "1,69€",
            "ItemUnit": "5,63€/kg",
            "local_image_path": "Lebensmittel/Süß & Salzig/griessonsoftacakeorangevoll2017.jpg"
          },
          {
            "image_urls": [
              "https://www.edeka24.de/out/pictures/generated/product/1/224_224_90/koala_milch_fs-neutral_freisteller_850.jpg"
            ],
            "ItemTitle": "Kuchemeister Koala Milch 75G",
            "ItemPrice": "1,89€",
            "ItemUnit": "25,20€/kg",
            "local_image_path": "Lebensmittel/Süß & Salzig/koala_milch_fs-neutral_freisteller_850.jpg"
          },
          {
            "image_urls": [
              "https://www.edeka24.de/out/pictures/generated/product/1/224_224_90/katjes_yoghurtgums_175g.jpg"
            ],
            "ItemTitle": "Katjes Yoghurt-Gums 175G",
            "ItemPrice": "1,19€",
            "ItemUnit": "6,80€/kg",
            "local_image_path": "Lebensmittel/Süß & Salzig/katjes_yoghurtgums_175g.jpg"
          },
          {
            "image_urls": [
              "https://www.edeka24.de/out/pictures/generated/product/1/224_224_90/edeka_cashewkerne_gerstet_und_gesalzen.jpg"
            ],
            "ItemTitle": "EDEKA Cashew Kerne geröstet & gesalzen 125G",
            "ItemPrice": "2,69€",
            "ItemUnit": "21,52€/kg",
            "local_image_path": "Lebensmittel/Süß & Salzig/edeka_cashewkerne_gerstet_und_gesalzen.jpg"
          },
          {
            "image_urls": [
              "https://www.edeka24.de/out/pictures/generated/product/1/224_224_90/lindt_tafel_doppelmilch_110g.jpg"
            ],
            "ItemTitle": "Lindt Maitre Chocolatier Doppelmilch 110G",
            "ItemPrice": "1,59€",
            "ItemUnit": "14,45€/kg",
            "local_image_path": "Wein/ Spirituosen/Spirituosen/highland_park_18_jahre_single_malt_whisky.jpg"
          },
          {
            "image_urls": [
              "https://www.edeka24.de/out/pictures/generated/product/1/224_224_90/nestle_die_weiamp223e_crisp_schokolade_85g.jpg"
            ],
            "ItemTitle": "Nestle Die Weisse Crisp 85G",
            "ItemPrice": "1,59€",
            "ItemUnit": "18,71€/kg",
            "local_image_path": "Lebensmittel/Süß & Salzig/nestle_die_weiamp223e_crisp_schokolade_85g.jpg"
          },
          {
            "image_urls": [
              "https://www.edeka24.de/out/pictures/generated/product/1/224_224_90/ferrero_kinder_bueno_mini_108g.jpg"
            ],
            "ItemTitle": "Ferrero Kinder Bueno Mini 108G",
            "ItemPrice": "2,29€",
            "ItemUnit": "21,20€/kg",
            "local_image_path": "Lebensmittel/Süß & Salzig/ferrero_kinder_bueno_mini_108g.jpg"
          },
          {
            "image_urls": [
              "https://www.edeka24.de/out/pictures/generated/product/1/224_224_90/lagujoghu.jpg"
            ],
            "ItemTitle": "nimm2 Lachgummi Joghurt 250G",
            "ItemPrice": "1,29€",
            "ItemUnit": "5,16€/kg",
            "local_image_path": "Wein/ Spirituosen/Spirituosen/highland_park_18_jahre_single_malt_whisky.jpg"
          },
          {
            "image_urls": [
              "https://www.edeka24.de/out/pictures/generated/product/1/224_224_90/haribo_saft_goldbamp228ren_160g.jpg"
            ],
            "ItemTitle": "Haribo Saft Goldbären 160G",
            "ItemPrice": "1,29€",
            "ItemUnit": "8,06€/kg",
            "local_image_path": "Lebensmittel/Süß & Salzig/haribo_saft_goldbamp228ren_160g.jpg"
          },
          {
            "image_urls": [
              "https://www.edeka24.de/out/pictures/generated/product/1/224_224_90/nimm2-lacjgummi-heroes.jpg"
            ],
            "ItemTitle": "nimm2 Lachgummi Heroes 225G",
            "ItemPrice": "1,29€",
            "ItemUnit": "5,73€/kg",
            "local_image_path": "Lebensmittel/Süß & Salzig/nimm2-lacjgummi-heroes.jpg"
          },
          {
            "image_urls": [
              "https://www.edeka24.de/out/pictures/generated/product/1/224_224_90/ritter_sport_olympia_100g.jpg"
            ],
            "ItemTitle": "Ritter Sport Olympia 100G",
            "ItemPrice": "1,59€",
            "ItemUnit": "15,90€/kg",
            "local_image_path": "Wein/ Spirituosen/Spirituosen/highland_park_18_jahre_single_malt_whisky.jpg"
          },
          {
            "image_urls": [
              "https://www.edeka24.de/out/pictures/generated/product/1/224_224_90/gut_amp_gnstig_schokoriegel_peanut_power_6st_300g(1).jpg"
            ],
            "ItemTitle": "Gut & Günstig Schokoriegel Peanut Power 6ST 300G",
            "ItemPrice": "1,69€",
            "ItemUnit": "5,63€/kg",
            "local_image_path": "Lebensmittel/Süß & Salzig/gut_amp_gnstig_schokoriegel_peanut_power_6st_300g(1).jpg"
          },
          {
            "image_urls": [
              "https://www.edeka24.de/out/pictures/generated/product/1/224_224_90/trschogetten_halbbitter_100g.jpg"
            ],
            "ItemTitle": "Schogetten Edel-Zartbitter 100G",
            "ItemPrice": "1,39€",
            "ItemUnit": "13,90€/kg",
            "local_image_path": "Lebensmittel/Süß & Salzig/trschogetten_halbbitter_100g.jpg"
          },
          {
            "image_urls": [
              "https://www.edeka24.de/out/pictures/generated/product/1/224_224_90/edeka_energy_balls_datteln_haselnuss_kakao_145g.jpg"
            ],
            "ItemTitle": "EDEKA Energy Balls Datteln Haselnuss Kakao 145G",
            "ItemPrice": "2,79€",
            "ItemUnit": "19,24€/kg",
            "local_image_path": "Lebensmittel/Frühstück & Snacks/edeka_energy_balls_datteln_haselnuss_kakao_145g.jpg"
          },
          {
            "image_urls": [
              "https://www.edeka24.de/out/pictures/generated/product/1/224_224_90/ritz_cracker_200g.jpg"
            ],
            "ItemTitle": "Ritz Cracker 200G",
            "ItemPrice": "1,89€",
            "ItemUnit": "9,45€/kg",
            "local_image_path": "Wein/ Spirituosen/Spirituosen/highland_park_18_jahre_single_malt_whisky.jpg"
          },
          {
            "image_urls": [
              "https://www.edeka24.de/out/pictures/generated/product/1/224_224_90/demeter_alnatura_vollkorn_brezeln_125g.jpg"
            ],
            "ItemTitle": "Alnatura Bio Demeter Vollkorn Brezeln 125G",
            "ItemPrice": "1,39€",
            "ItemUnit": "11,12€/kg",
            "local_image_path": "Bio-Produkte/Lebensmittel von Alnatura/demeter_alnatura_vollkorn_brezeln_125g.jpg"
          },
          {
            "image_urls": [
              "https://www.edeka24.de/out/pictures/generated/product/1/224_224_90/alnatura_bio_joghurt_reiswaffeln_100g.jpg"
            ],
            "ItemTitle": "Alnatura Bio Joghurt Reiswaffeln 100G",
            "ItemPrice": "1,79€",
            "ItemUnit": "17,90€/kg",
            "local_image_path": "Wein/ Spirituosen/Spirituosen/highland_park_18_jahre_single_malt_whisky.jpg"
          },
          {
            "image_urls": [
              "https://www.edeka24.de/out/pictures/generated/product/1/224_224_90/chipsfrischsalz.jpg"
            ],
            "ItemTitle": "Funny-Frisch Chipsfrisch gesalzen 150G",
            "ItemPrice": "2,29€",
            "ItemUnit": "15,27€/kg",
            "local_image_path": "Lebensmittel/Süß & Salzig/chipsfrischsalz.jpg"
          },
          {
            "image_urls": [
              "https://www.edeka24.de/out/pictures/generated/product/1/224_224_90/ritter_sport_alpenmilch_tafel_100g.jpg"
            ],
            "ItemTitle": "Ritter Sport Alpenmilch 100G",
            "ItemPrice": "1,59€",
            "ItemUnit": "15,90€/kg",
            "local_image_path": "Wein/ Spirituosen/Spirituosen/highland_park_18_jahre_single_malt_whisky.jpg"
          },
          {
            "image_urls": [
              "https://www.edeka24.de/out/pictures/generated/product/1/224_224_90/beukprinzenrolle_mini_1875g.jpg"
            ],
            "ItemTitle": "De Beukelaer Prinzen Rolle Minis 5ST 187,5G",
            "ItemPrice": "1,99€",
            "ItemUnit": "10,61€/kg",
            "local_image_path": "Lebensmittel/Süß & Salzig/beukprinzenrolle_mini_1875g.jpg"
          },
          {
            "image_urls": [
              "https://www.edeka24.de/out/pictures/generated/product/1/224_224_90/maomix250g.png"
            ],
            "ItemTitle": "Maoam MaoMix 250G",
            "ItemPrice": "2,99€",
            "ItemUnit": "11,96€/kg",
            "local_image_path": "Wein/ Spirituosen/Spirituosen/highland_park_18_jahre_single_malt_whisky.jpg"
          },
          {
            "image_urls": [
              "https://www.edeka24.de/out/pictures/generated/product/1/224_224_90/haribo_wine_gums_175g.jpg"
            ],
            "ItemTitle": "Haribo Wine Gums 175G",
            "ItemPrice": "1,29€",
            "ItemUnit": "7,37€/kg",
            "local_image_path": "Lebensmittel/Süß & Salzig/haribo_wine_gums_175g.jpg"
          },
          {
            "image_urls": [
              "https://www.edeka24.de/out/pictures/generated/product/1/224_224_90/naturals_milde_paprika_95g.jpg"
            ],
            "ItemTitle": "Lorenz Naturals Milde Paprika 95G",
            "ItemPrice": "2,29€",
            "ItemUnit": "24,11€/kg",
            "local_image_path": "Wein/ Spirituosen/Spirituosen/highland_park_18_jahre_single_malt_whisky.jpg"
          },
          {
            "image_urls": [
              "https://www.edeka24.de/out/pictures/generated/product/1/224_224_90/edeka_rum_rosinen.jpg"
            ],
            "ItemTitle": "EDEKA Rum Rosinen ungeschwefelt 125G",
            "ItemPrice": "1,69€",
            "ItemUnit": "13,52€/kg",
            "local_image_path": "Lebensmittel/Backen & Desserts/edeka_rum_rosinen.jpg"
          },
          {
            "image_urls": [
              "https://www.edeka24.de/out/pictures/generated/product/1/224_224_90/edeka_italia_cantuccini_250g.jpg"
            ],
            "ItemTitle": "EDEKA Italia Originale Cantuccini 250G",
            "ItemPrice": "2,79€",
            "ItemUnit": "11,16€/kg",
            "local_image_path": "Lebensmittel/Süß & Salzig/edeka_italia_cantuccini_250g.jpg"
          },
          {
            "image_urls": [
              "https://www.edeka24.de/out/pictures/generated/product/1/224_224_90/milka_i_love_milka_hauchzarte_herzen_alpenmilchschokolade_130g.jpg"
            ],
            "ItemTitle": "Milka I Love Milka Hauchzarte Herzen Alpenmilch-Schokolade 130G",
            "ItemPrice": "2,79€",
            "ItemUnit": "21,46€/kg",
            "local_image_path": "Wein/ Spirituosen/Spirituosen/highland_park_18_jahre_single_malt_whisky.jpg"
          },
          {
            "image_urls": [
              "https://www.edeka24.de/out/pictures/generated/product/1/224_224_90/milka_weisse_schokolade_100g.jpg"
            ],
            "ItemTitle": "Milka Weisse Schokolade 100G",
            "ItemPrice": "1,49€",
            "ItemUnit": "14,90€/kg",
            "local_image_path": "Lebensmittel/Süß & Salzig/milka_weisse_schokolade_100g.jpg"
          },
          {
            "image_urls": [
              "https://www.edeka24.de/out/pictures/generated/product/1/224_224_90/marettibruschettecourcream.jpg"
            ],
            "ItemTitle": "Maretti Bruschette Sour Cream & Onion 150G",
            "ItemPrice": "2,29€",
            "ItemUnit": "15,27€/kg",
            "local_image_path": "Wein/ Spirituosen/Spirituosen/highland_park_18_jahre_single_malt_whisky.jpg"
          },
          {
            "image_urls": [
              "https://www.edeka24.de/out/pictures/generated/product/1/224_224_90/ritter_sport_55_die_milde_tafel_100g.jpg"
            ],
            "ItemTitle": "Ritter Sport 55% Die Milde aus Ghana 100G",
            "ItemPrice": "1,79€",
            "ItemUnit": "17,90€/kg",
            "local_image_path": "Lebensmittel/Süß & Salzig/ritter_sport_55_die_milde_tafel_100g.jpg"
          },
          {
            "image_urls": [
              "https://www.edeka24.de/out/pictures/generated/product/1/224_224_90/edekabio_reiswaffelnmitmeersalz.jpg"
            ],
            "ItemTitle": "EDEKA Bio Reiswaffeln mit Meersalz 100G",
            "ItemPrice": "0,99€",
            "ItemUnit": "9,90€/kg",
            "local_image_path": "Bio-Produkte/Bio Marken/edekabio_reiswaffelnmitmeersalz.jpg"
          },
          {
            "image_urls": [
              "https://www.edeka24.de/out/pictures/generated/product/1/224_224_90/nippon.jpg"
            ],
            "ItemTitle": "Nippon Puffreis 200G",
            "ItemPrice": "2,29€",
            "ItemUnit": "11,45€/kg",
            "local_image_path": "Lebensmittel/Süß & Salzig/nippon.jpg"
          },
          {
            "image_urls": [
              "https://www.edeka24.de/out/pictures/generated/product/1/224_224_90/manner_schnitten_mit_haselnusscreme.jpg"
            ],
            "ItemTitle": "Manner Schnitten mit Haselnusscreme 400G",
            "ItemPrice": "3,99€",
            "ItemUnit": "9,98€/kg",
            "local_image_path": "Wein/ Spirituosen/Spirituosen/highland_park_18_jahre_single_malt_whisky.jpg"
          },
          {
            "image_urls": [
              "https://www.edeka24.de/out/pictures/generated/product/1/224_224_90/katjes_yoghurtgums_175g.jpg"
            ],
            "ItemTitle": "Katjes Yoghurt-Gums 175G",
            "ItemPrice": "1,19€",
            "ItemUnit": "6,80€/kg",
            "local_image_path": "Lebensmittel/Süß & Salzig/katjes_yoghurtgums_175g.jpg"
          },
          {
            "image_urls": [
              "https://www.edeka24.de/out/pictures/generated/product/1/224_224_90/edeka_cashewkerne_gerstet_und_gesalzen.jpg"
            ],
            "ItemTitle": "EDEKA Cashew Kerne geröstet & gesalzen 125G",
            "ItemPrice": "2,69€",
            "ItemUnit": "21,52€/kg",
            "local_image_path": "Lebensmittel/Süß & Salzig/edeka_cashewkerne_gerstet_und_gesalzen.jpg"
          },
          {
            "image_urls": [
              "https://www.edeka24.de/out/pictures/generated/product/1/224_224_90/lindt_tafel_doppelmilch_110g.jpg"
            ],
            "ItemTitle": "Lindt Maitre Chocolatier Doppelmilch 110G",
            "ItemPrice": "1,59€",
            "ItemUnit": "14,45€/kg",
            "local_image_path": "Wein/ Spirituosen/Spirituosen/highland_park_18_jahre_single_malt_whisky.jpg"
          },
          {
            "image_urls": [
              "https://www.edeka24.de/out/pictures/generated/product/1/224_224_90/nestle_die_weiamp223e_crisp_schokolade_85g.jpg"
            ],
            "ItemTitle": "Nestle Die Weisse Crisp 85G",
            "ItemPrice": "1,59€",
            "ItemUnit": "18,71€/kg",
            "local_image_path": "Lebensmittel/Süß & Salzig/nestle_die_weiamp223e_crisp_schokolade_85g.jpg"
          },
          {
            "image_urls": [
              "https://www.edeka24.de/out/pictures/generated/product/1/224_224_90/ferrero_kinder_bueno_mini_108g.jpg"
            ],
            "ItemTitle": "Ferrero Kinder Bueno Mini 108G",
            "ItemPrice": "2,29€",
            "ItemUnit": "21,20€/kg",
            "local_image_path": "Lebensmittel/Süß & Salzig/ferrero_kinder_bueno_mini_108g.jpg"
          },
          {
            "image_urls": [
              "https://www.edeka24.de/out/pictures/generated/product/1/224_224_90/lagujoghu.jpg"
            ],
            "ItemTitle": "nimm2 Lachgummi Joghurt 250G",
            "ItemPrice": "1,29€",
            "ItemUnit": "5,16€/kg",
            "local_image_path": "Wein/ Spirituosen/Spirituosen/highland_park_18_jahre_single_malt_whisky.jpg"
          },
          {
            "image_urls": [
              "https://www.edeka24.de/out/pictures/generated/product/1/224_224_90/haribo_saft_goldbamp228ren_160g.jpg"
            ],
            "ItemTitle": "Haribo Saft Goldbären 160G",
            "ItemPrice": "1,29€",
            "ItemUnit": "8,06€/kg",
            "local_image_path": "Lebensmittel/Süß & Salzig/haribo_saft_goldbamp228ren_160g.jpg"
          },
          {
            "image_urls": [
              "https://www.edeka24.de/out/pictures/generated/product/1/224_224_90/nimm2-lacjgummi-heroes.jpg"
            ],
            "ItemTitle": "nimm2 Lachgummi Heroes 225G",
            "ItemPrice": "1,29€",
            "ItemUnit": "5,73€/kg",
            "local_image_path": "Lebensmittel/Süß & Salzig/nimm2-lacjgummi-heroes.jpg"
          },
          {
            "image_urls": [
              "https://www.edeka24.de/out/pictures/generated/product/1/224_224_90/ritter_sport_olympia_100g.jpg"
            ],
            "ItemTitle": "Ritter Sport Olympia 100G",
            "ItemPrice": "1,59€",
            "ItemUnit": "15,90€/kg",
            "local_image_path": "Wein/ Spirituosen/Spirituosen/highland_park_18_jahre_single_malt_whisky.jpg"
          },
          {
            "image_urls": [
              "https://www.edeka24.de/out/pictures/generated/product/1/224_224_90/gut_amp_gnstig_schokoriegel_peanut_power_6st_300g(1).jpg"
            ],
            "ItemTitle": "Gut & Günstig Schokoriegel Peanut Power 6ST 300G",
            "ItemPrice": "1,69€",
            "ItemUnit": "5,63€/kg",
            "local_image_path": "Lebensmittel/Süß & Salzig/gut_amp_gnstig_schokoriegel_peanut_power_6st_300g(1).jpg"
          },
          {
            "image_urls": [
              "https://www.edeka24.de/out/pictures/generated/product/1/224_224_90/trschogetten_halbbitter_100g.jpg"
            ],
            "ItemTitle": "Schogetten Edel-Zartbitter 100G",
            "ItemPrice": "1,39€",
            "ItemUnit": "13,90€/kg",
            "local_image_path": "Lebensmittel/Süß & Salzig/trschogetten_halbbitter_100g.jpg"
          },
          {
            "image_urls": [
              "https://www.edeka24.de/out/pictures/generated/product/1/224_224_90/edeka_energy_balls_datteln_haselnuss_kakao_145g.jpg"
            ],
            "ItemTitle": "EDEKA Energy Balls Datteln Haselnuss Kakao 145G",
            "ItemPrice": "2,79€",
            "ItemUnit": "19,24€/kg",
            "local_image_path": "Lebensmittel/Frühstück & Snacks/edeka_energy_balls_datteln_haselnuss_kakao_145g.jpg"
          },
          {
            "image_urls": [
              "https://www.edeka24.de/out/pictures/generated/product/1/224_224_90/ritz_cracker_200g.jpg"
            ],
            "ItemTitle": "Ritz Cracker 200G",
            "ItemPrice": "1,89€",
            "ItemUnit": "9,45€/kg",
            "local_image_path": "Wein/ Spirituosen/Spirituosen/highland_park_18_jahre_single_malt_whisky.jpg"
          },
          {
            "image_urls": [
              "https://www.edeka24.de/out/pictures/generated/product/1/224_224_90/demeter_alnatura_vollkorn_brezeln_125g.jpg"
            ],
            "ItemTitle": "Alnatura Bio Demeter Vollkorn Brezeln 125G",
            "ItemPrice": "1,39€",
            "ItemUnit": "11,12€/kg",
            "local_image_path": "Bio-Produkte/Lebensmittel von Alnatura/demeter_alnatura_vollkorn_brezeln_125g.jpg"
          },
          {
            "image_urls": [
              "https://www.edeka24.de/out/pictures/generated/product/1/224_224_90/alnatura_bio_joghurt_reiswaffeln_100g.jpg"
            ],
            "ItemTitle": "Alnatura Bio Joghurt Reiswaffeln 100G",
            "ItemPrice": "1,79€",
            "ItemUnit": "17,90€/kg",
            "local_image_path": "Wein/ Spirituosen/Spirituosen/highland_park_18_jahre_single_malt_whisky.jpg"
          },
          {
            "image_urls": [
              "https://www.edeka24.de/out/pictures/generated/product/1/224_224_90/chipsfrischsalz.jpg"
            ],
            "ItemTitle": "Funny-Frisch Chipsfrisch gesalzen 150G",
            "ItemPrice": "2,29€",
            "ItemUnit": "15,27€/kg",
            "local_image_path": "Lebensmittel/Süß & Salzig/chipsfrischsalz.jpg"
          },
          {
            "image_urls": [
              "https://www.edeka24.de/out/pictures/generated/product/1/224_224_90/ritter_sport_alpenmilch_tafel_100g.jpg"
            ],
            "ItemTitle": "Ritter Sport Alpenmilch 100G",
            "ItemPrice": "1,59€",
            "ItemUnit": "15,90€/kg",
            "local_image_path": "Wein/ Spirituosen/Spirituosen/highland_park_18_jahre_single_malt_whisky.jpg"
          },
          {
            "image_urls": [
              "https://www.edeka24.de/out/pictures/generated/product/1/224_224_90/beukprinzenrolle_mini_1875g.jpg"
            ],
            "ItemTitle": "De Beukelaer Prinzen Rolle Minis 5ST 187,5G",
            "ItemPrice": "1,99€",
            "ItemUnit": "10,61€/kg",
            "local_image_path": "Lebensmittel/Süß & Salzig/beukprinzenrolle_mini_1875g.jpg"
          },
          {
            "image_urls": [
              "https://www.edeka24.de/out/pictures/generated/product/1/224_224_90/maomix250g.png"
            ],
            "ItemTitle": "Maoam MaoMix 250G",
            "ItemPrice": "2,99€",
            "ItemUnit": "11,96€/kg",
            "local_image_path": "Wein/ Spirituosen/Spirituosen/highland_park_18_jahre_single_malt_whisky.jpg"
          },
          {
            "image_urls": [
              "https://www.edeka24.de/out/pictures/generated/product/1/224_224_90/haribo_wine_gums_175g.jpg"
            ],
            "ItemTitle": "Haribo Wine Gums 175G",
            "ItemPrice": "1,29€",
            "ItemUnit": "7,37€/kg",
            "local_image_path": "Lebensmittel/Süß & Salzig/haribo_wine_gums_175g.jpg"
          },
          {
            "image_urls": [
              "https://www.edeka24.de/out/pictures/generated/product/1/224_224_90/naturals_milde_paprika_95g.jpg"
            ],
            "ItemTitle": "Lorenz Naturals Milde Paprika 95G",
            "ItemPrice": "2,29€",
            "ItemUnit": "24,11€/kg",
            "local_image_path": "Wein/ Spirituosen/Spirituosen/highland_park_18_jahre_single_malt_whisky.jpg"
          },
          {
            "image_urls": [
              "https://www.edeka24.de/out/pictures/generated/product/1/224_224_90/edeka_rum_rosinen.jpg"
            ],
            "ItemTitle": "EDEKA Rum Rosinen ungeschwefelt 125G",
            "ItemPrice": "1,69€",
            "ItemUnit": "13,52€/kg",
            "local_image_path": "Lebensmittel/Backen & Desserts/edeka_rum_rosinen.jpg"
          },
          {
            "image_urls": [
              "https://www.edeka24.de/out/pictures/generated/product/1/224_224_90/edeka_italia_cantuccini_250g.jpg"
            ],
            "ItemTitle": "EDEKA Italia Originale Cantuccini 250G",
            "ItemPrice": "2,79€",
            "ItemUnit": "11,16€/kg",
            "local_image_path": "Lebensmittel/Süß & Salzig/edeka_italia_cantuccini_250g.jpg"
          },
          {
            "image_urls": [
              "https://www.edeka24.de/out/pictures/generated/product/1/224_224_90/milka_i_love_milka_hauchzarte_herzen_alpenmilchschokolade_130g.jpg"
            ],
            "ItemTitle": "Milka I Love Milka Hauchzarte Herzen Alpenmilch-Schokolade 130G",
            "ItemPrice": "2,79€",
            "ItemUnit": "21,46€/kg",
            "local_image_path": "Wein/ Spirituosen/Spirituosen/highland_park_18_jahre_single_malt_whisky.jpg"
          },
          {
            "image_urls": [
              "https://www.edeka24.de/out/pictures/generated/product/1/224_224_90/milka_weisse_schokolade_100g.jpg"
            ],
            "ItemTitle": "Milka Weisse Schokolade 100G",
            "ItemPrice": "1,49€",
            "ItemUnit": "14,90€/kg",
            "local_image_path": "Lebensmittel/Süß & Salzig/milka_weisse_schokolade_100g.jpg"
          },
          {
            "image_urls": [
              "https://www.edeka24.de/out/pictures/generated/product/1/224_224_90/marettibruschettecourcream.jpg"
            ],
            "ItemTitle": "Maretti Bruschette Sour Cream & Onion 150G",
            "ItemPrice": "2,29€",
            "ItemUnit": "15,27€/kg",
            "local_image_path": "Wein/ Spirituosen/Spirituosen/highland_park_18_jahre_single_malt_whisky.jpg"
          },
          {
            "image_urls": [
              "https://www.edeka24.de/out/pictures/generated/product/1/224_224_90/ritter_sport_55_die_milde_tafel_100g.jpg"
            ],
            "ItemTitle": "Ritter Sport 55% Die Milde aus Ghana 100G",
            "ItemPrice": "1,79€",
            "ItemUnit": "17,90€/kg",
            "local_image_path": "Lebensmittel/Süß & Salzig/ritter_sport_55_die_milde_tafel_100g.jpg"
          },
          {
            "image_urls": [
              "https://www.edeka24.de/out/pictures/generated/product/1/224_224_90/edekabio_reiswaffelnmitmeersalz.jpg"
            ],
            "ItemTitle": "EDEKA Bio Reiswaffeln mit Meersalz 100G",
            "ItemPrice": "0,99€",
            "ItemUnit": "9,90€/kg",
            "local_image_path": "Bio-Produkte/Bio Marken/edekabio_reiswaffelnmitmeersalz.jpg"
          },
          {
            "image_urls": [
              "https://www.edeka24.de/out/pictures/generated/product/1/224_224_90/nippon.jpg"
            ],
            "ItemTitle": "Nippon Puffreis 200G",
            "ItemPrice": "2,29€",
            "ItemUnit": "11,45€/kg",
            "local_image_path": "Lebensmittel/Süß & Salzig/nippon.jpg"
          },
          {
            "image_urls": [
              "https://www.edeka24.de/out/pictures/generated/product/1/224_224_90/manner_schnitten_mit_haselnusscreme.jpg"
            ],
            "ItemTitle": "Manner Schnitten mit Haselnusscreme 400G",
            "ItemPrice": "3,99€",
            "ItemUnit": "9,98€/kg",
            "local_image_path": "Wein/ Spirituosen/Spirituosen/highland_park_18_jahre_single_malt_whisky.jpg"
          },
          {
            "image_urls": [
              "https://www.edeka24.de/out/pictures/generated/product/1/224_224_90/9000331604275_mannerneapolitanerrosa75g.jpg"
            ],
            "ItemTitle": "Manner Neapolitaner Schnitten Rosa 75G",
            "ItemPrice": "1,19€",
            "ItemUnit": "15,87€/kg",
            "local_image_path": "Wein/ Spirituosen/Spirituosen/highland_park_18_jahre_single_malt_whisky.jpg"
          },
          {
            "image_urls": [
              "https://www.edeka24.de/out/pictures/generated/product/1/224_224_90/kinder_bueno_6st.jpg"
            ],
            "ItemTitle": "Kinder Bueno 6ST 129G",
            "ItemPrice": "2,79€",
            "ItemUnit": "21,63€/kg",
            "local_image_path": "Lebensmittel/Süß & Salzig/kinder_bueno_6st.jpg"
          },
          {
            "image_urls": [
              "https://www.edeka24.de/out/pictures/generated/product/1/224_224_90/hitschlerschnre.jpg"
            ],
            "ItemTitle": "Hitschler Bunte Schnüre 125G",
            "ItemPrice": "1,39€",
            "ItemUnit": "11,12€/kg",
            "local_image_path": "Wein/ Spirituosen/Spirituosen/highland_park_18_jahre_single_malt_whisky.jpg"
          },
          {
            "image_urls": [
              "https://www.edeka24.de/out/pictures/generated/product/1/224_224_90/nestle_choclait_chips_original_115g.jpg"
            ],
            "ItemTitle": "Nestle Choclait Chips Original 115G",
            "ItemPrice": "2,69€",
            "ItemUnit": "23,39€/kg",
            "local_image_path": "Wein/ Spirituosen/Spirituosen/highland_park_18_jahre_single_malt_whisky.jpg"
          },
          {
            "image_urls": [
              "https://www.edeka24.de/out/pictures/generated/product/1/224_224_90/haribo_ingwer_zitrone_160g.jpg"
            ],
            "ItemTitle": "Haribo Ingwer Zitrone 160G",
            "ItemPrice": "1,29€",
            "ItemUnit": "8,06€/kg",
            "local_image_path": "Lebensmittel/Süß & Salzig/haribo_ingwer_zitrone_160g.jpg"
          },
          {
            "image_urls": [
              "https://www.edeka24.de/out/pictures/generated/product/1/224_224_90/bonne_maman_tartelettes_zitrone_125g.jpg"
            ],
            "ItemTitle": "Bonne Maman Tartelettes Citron 125G",
            "ItemPrice": "3,49€",
            "ItemUnit": "27,92€/kg",
            "local_image_path": "Lebensmittel/Süß & Salzig/bonne_maman_tartelettes_zitrone_125g.jpg"
          },
          {
            "image_urls": [
              "https://www.edeka24.de/out/pictures/generated/product/1/224_224_90/msliahorndattel.jpg"
            ],
            "ItemTitle": "Alnatura Bio Müsli-Riegel Ahorn-Dattel 6ST 150G",
            "ItemPrice": "2,49€",
            "ItemUnit": "16,60€/kg",
            "local_image_path": "Lebensmittel/Süß & Salzig/msliahorndattel.jpg"
          },
          {
            "image_urls": [
              "https://www.edeka24.de/out/pictures/generated/product/1/224_224_90/katjestropenfrchte.jpg"
            ],
            "ItemTitle": "Katjes Tropenfrüchte 200G",
            "ItemPrice": "1,19€",
            "ItemUnit": "5,95€/kg",
            "local_image_path": "Lebensmittel/Süß & Salzig/katjestropenfrchte.jpg"
          },
          {
            "image_urls": [
              "https://www.edeka24.de/out/pictures/generated/product/1/224_224_90/milka_trauben_nuss_schokolade_100g.jpg"
            ],
            "ItemTitle": "Milka Trauben Nuss Schokolade 100G",
            "ItemPrice": "1,39€",
            "ItemUnit": "13,90€/kg",
            "local_image_path": "Wein/ Spirituosen/Spirituosen/highland_park_18_jahre_single_malt_whisky.jpg"
          },
          {
            "image_urls": [
              "https://www.edeka24.de/out/pictures/generated/product/1/224_224_90/giotto_haselnuss_ministangen_116_g.jpg"
            ],
            "ItemTitle": "Giotto Haselnuss Mini-Stangen 116G",
            "ItemPrice": "3,29€",
            "ItemUnit": "28,36€/kg",
            "local_image_path": "Lebensmittel/Süß & Salzig/giotto_haselnuss_ministangen_116_g.jpg"
          },
          {
            "image_urls": [
              "https://www.edeka24.de/out/pictures/generated/product/1/224_224_90/milka_noisette_270g(1).jpg"
            ],
            "ItemTitle": "Milka Noisette 270G",
            "ItemPrice": "3,75€",
            "ItemUnit": "13,89€/kg",
            "local_image_path": "Lebensmittel/Süß & Salzig/milka_noisette_270g(1).jpg"
          },
          {
            "image_urls": [
              "https://www.edeka24.de/out/pictures/generated/product/1/224_224_90/merci_petits_kaffee_sahne_125g.jpg"
            ],
            "ItemTitle": "Merci Petits Kaffee Sahne 125G",
            "ItemPrice": "2,29€",
            "ItemUnit": "18,32€/kg",
            "local_image_path": "Lebensmittel/Süß & Salzig/merci_petits_kaffee_sahne_125g.jpg"
          },
          {
            "image_urls": [
              "https://www.edeka24.de/out/pictures/generated/product/1/224_224_90/naturals_rosmarin_95g.jpg"
            ],
            "ItemTitle": "Lorenz Naturals Rosmarin 95G",
            "ItemPrice": "2,29€",
            "ItemUnit": "24,11€/kg",
            "local_image_path": "Lebensmittel/Süß & Salzig/naturals_rosmarin_95g.jpg"
          },
          {
            "image_urls": [
              "https://www.edeka24.de/out/pictures/generated/product/1/224_224_90/katjeswunderland.jpg"
            ],
            "ItemTitle": "Katjes Wunderland Fruchtgummi 200G",
            "ItemPrice": "1,19€",
            "ItemUnit": "5,95€/kg",
            "local_image_path": "Wein/ Spirituosen/Spirituosen/highland_park_18_jahre_single_malt_whisky.jpg"
          },
          {
            "image_urls": [
              "https://www.edeka24.de/out/pictures/generated/product/1/224_224_90/bahlsen_rekord_gebamp228ckmischung_350g.jpg"
            ],
            "ItemTitle": "Bahlsen Rekord Gebäckmischung 350G",
            "ItemPrice": "3,79€",
            "ItemUnit": "10,83€/kg",
            "local_image_path": "Lebensmittel/Süß & Salzig/bahlsen_rekord_gebamp228ckmischung_350g.jpg"
          },
          {
            "image_urls": [
              "https://www.edeka24.de/out/pictures/generated/product/1/224_224_90/4104420055360_knabber_eulen_100g.jpg"
            ],
            "ItemTitle": "Alnatura Knabber Eulen Classic 100G",
            "ItemPrice": "1,59€",
            "ItemUnit": "15,90€/kg",
            "local_image_path": "Lebensmittel/Süß & Salzig/4104420055360_knabber_eulen_100g.jpg"
          },
          {
            "image_urls": [
              "https://www.edeka24.de/out/pictures/generated/product/1/224_224_90/corny_nussvoll_nussquartet_amp_traube_4st_96g.jpg"
            ],
            "ItemTitle": "Corny Nussvoll Nuss-Quartet & Traube 4ST 96G",
            "ItemPrice": "1,69€",
            "ItemUnit": "17,60€/kg",
            "local_image_path": "Lebensmittel/Süß & Salzig/corny_nussvoll_nussquartet_amp_traube_4st_96g.jpg"
          },
          {
            "image_urls": [
              "https://www.edeka24.de/out/pictures/generated/product/1/224_224_90/oreo_white_choc_kekse_246_g.jpg"
            ],
            "ItemTitle": "Oreo Enrobed White Kekse 246G",
            "ItemPrice": "3,49€",
            "ItemUnit": "14,19€/kg",
            "local_image_path": "Lebensmittel/Süß & Salzig/oreo_white_choc_kekse_246_g.jpg"
          },
          {
            "image_urls": [
              "https://www.edeka24.de/out/pictures/generated/product/1/224_224_90/ffkichchipjoghgurk.jpg"
            ],
            "ItemTitle": "Funny-Frisch Kichererbsenchips Joghurt Gurken Style 80G",
            "ItemPrice": "2,29€",
            "ItemUnit": "28,63€/kg",
            "local_image_path": "Wein/ Spirituosen/Spirituosen/highland_park_18_jahre_single_malt_whisky.jpg"
          },
          {
            "image_urls": [
              "https://www.edeka24.de/out/pictures/generated/product/1/224_224_90/maoam-kracher.jpg"
            ],
            "ItemTitle": "Maoam Kracher 200G",
            "ItemPrice": "1,29€",
            "ItemUnit": "6,45€/kg",
            "local_image_path": "Wein/ Spirituosen/Spirituosen/highland_park_18_jahre_single_malt_whisky.jpg"
          },
          {
            "image_urls": [
              "https://www.edeka24.de/out/pictures/generated/product/1/224_224_90/alnatura_bio_dinkel_waffel_bltter_vollmilch_125_g.jpg"
            ],
            "ItemTitle": "Alnatura Bio Dinkel Waffel Blätter Vollmilch 125G",
            "ItemPrice": "2,99€",
            "ItemUnit": "23,92€/kg",
            "local_image_path": "Bio-Produkte/Lebensmittel von Alnatura/alnatura_bio_dinkel_waffel_bltter_vollmilch_125_g.jpg"
          },
          {
            "image_urls": [
              "https://www.edeka24.de/out/pictures/generated/product/1/224_224_90/bio_alnatura_studentenfutter_400g.jpg"
            ],
            "ItemTitle": "Alnatura Bio Studentenfutter 400G",
            "ItemPrice": "5,19€",
            "ItemUnit": "12,98€/kg",
            "local_image_path": "Wein/ Spirituosen/Spirituosen/highland_park_18_jahre_single_malt_whisky.jpg"
          },
          {
            "image_urls": [
              "https://www.edeka24.de/out/pictures/generated/product/1/224_224_90/alnatura_bio_banane_riegel.jpg"
            ],
            "ItemTitle": "Alnatura Bio Banane Riegel 40G",
            "ItemPrice": "1,39€",
            "ItemUnit": "34,75€/kg",
            "local_image_path": "Bio-Produkte/Lebensmittel von Alnatura/alnatura_bio_banane_riegel.jpg"
          },
          {
            "image_urls": [
              "https://www.edeka24.de/out/pictures/generated/product/1/224_224_90/nimm2soft.jpg"
            ],
            "ItemTitle": "nimm2 Fruchtkaubonbon Soft 195G",
            "ItemPrice": "1,99€",
            "ItemUnit": "10,21€/kg",
            "local_image_path": "Lebensmittel/Süß & Salzig/nimm2soft.jpg"
          },
          {
            "image_urls": [
              "https://www.edeka24.de/out/pictures/generated/product/1/224_224_90/veganzschokokekse.jpg"
            ],
            "ItemTitle": "Veganz Bio Schokokeks 150G",
            "ItemPrice": "2,29€",
            "ItemUnit": "15,27€/kg",
            "local_image_path": "Bio-Produkte/Bio Marken/veganzschokokekse.jpg"
          },
          {
            "image_urls": [
              "https://www.edeka24.de/out/pictures/generated/product/1/224_224_90/leibniz_haferkeks_230g.jpg"
            ],
            "ItemTitle": "Leibniz Haferkeks 230G",
            "ItemPrice": "1,99€",
            "ItemUnit": "8,65€/kg",
            "local_image_path": "Lebensmittel/Süß & Salzig/leibniz_haferkeks_230g.jpg"
          },
          {
            "image_urls": [
              "https://www.edeka24.de/out/pictures/generated/product/1/224_224_90/alnaturarieggelgranatapfel-traube.jpg"
            ],
            "ItemTitle": "Alnatura Bio Granatapfel-Traube Fruchtschnitte 75G",
            "ItemPrice": "2,29€",
            "ItemUnit": "30,53€/kg",
            "local_image_path": "Bio-Produkte/Lebensmittel von Alnatura/alnaturarieggelgranatapfel-traube.jpg"
          },
          {
            "image_urls": [
              "https://www.edeka24.de/out/pictures/generated/product/1/224_224_90/ffgoldfischli.jpg"
            ],
            "ItemTitle": "Funny-Frisch Goldfischli Original 100G",
            "ItemPrice": "1,59€",
            "ItemUnit": "15,90€/kg",
            "local_image_path": "Wein/ Spirituosen/Spirituosen/highland_park_18_jahre_single_malt_whisky.jpg"
          },
          {
            "image_urls": [
              "https://www.edeka24.de/out/pictures/generated/product/1/224_224_90/plant_for_the_planet_die_gute_schokolade_fairtrade_100_g.jpg"
            ],
            "ItemTitle": "Plant for the Planet Die Gute Schokolade Fairtrade 100G",
            "ItemPrice": "1,39€",
            "ItemUnit": "13,90€/kg",
            "local_image_path": "Lebensmittel/Süß & Salzig/plant_for_the_planet_die_gute_schokolade_fairtrade_100_g.jpg"
          },
          {
            "image_urls": [
              "https://www.edeka24.de/out/pictures/generated/product/1/224_224_90/lambertz_gebamp228ckmischung_composition_1kg.jpg"
            ],
            "ItemTitle": "Lambertz Gebäckmischung Composition 1KG",
            "ItemPrice": "10,99€",
            "ItemUnit": "10,99€/kg",
            "local_image_path": "Lebensmittel/Süß & Salzig/lambertz_gebamp228ckmischung_composition_1kg.jpg"
          },
          {
            "image_urls": [
              "https://www.edeka24.de/out/pictures/generated/product/1/224_224_90/9000331604275_mannerneapolitanerrosa75g.jpg"
            ],
            "ItemTitle": "Manner Neapolitaner Schnitten Rosa 75G",
            "ItemPrice": "1,19€",
            "ItemUnit": "15,87€/kg",
            "local_image_path": "Wein/ Spirituosen/Spirituosen/highland_park_18_jahre_single_malt_whisky.jpg"
          },
          {
            "image_urls": [
              "https://www.edeka24.de/out/pictures/generated/product/1/224_224_90/kinder_bueno_6st.jpg"
            ],
            "ItemTitle": "Kinder Bueno 6ST 129G",
            "ItemPrice": "2,79€",
            "ItemUnit": "21,63€/kg",
            "local_image_path": "Lebensmittel/Süß & Salzig/kinder_bueno_6st.jpg"
          },
          {
            "image_urls": [
              "https://www.edeka24.de/out/pictures/generated/product/1/224_224_90/hitschlerschnre.jpg"
            ],
            "ItemTitle": "Hitschler Bunte Schnüre 125G",
            "ItemPrice": "1,39€",
            "ItemUnit": "11,12€/kg",
            "local_image_path": "Wein/ Spirituosen/Spirituosen/highland_park_18_jahre_single_malt_whisky.jpg"
          },
          {
            "image_urls": [
              "https://www.edeka24.de/out/pictures/generated/product/1/224_224_90/nestle_choclait_chips_original_115g.jpg"
            ],
            "ItemTitle": "Nestle Choclait Chips Original 115G",
            "ItemPrice": "2,69€",
            "ItemUnit": "23,39€/kg",
            "local_image_path": "Wein/ Spirituosen/Spirituosen/highland_park_18_jahre_single_malt_whisky.jpg"
          },
          {
            "image_urls": [
              "https://www.edeka24.de/out/pictures/generated/product/1/224_224_90/haribo_ingwer_zitrone_160g.jpg"
            ],
            "ItemTitle": "Haribo Ingwer Zitrone 160G",
            "ItemPrice": "1,29€",
            "ItemUnit": "8,06€/kg",
            "local_image_path": "Lebensmittel/Süß & Salzig/haribo_ingwer_zitrone_160g.jpg"
          },
          {
            "image_urls": [
              "https://www.edeka24.de/out/pictures/generated/product/1/224_224_90/bonne_maman_tartelettes_zitrone_125g.jpg"
            ],
            "ItemTitle": "Bonne Maman Tartelettes Citron 125G",
            "ItemPrice": "3,49€",
            "ItemUnit": "27,92€/kg",
            "local_image_path": "Lebensmittel/Süß & Salzig/bonne_maman_tartelettes_zitrone_125g.jpg"
          },
          {
            "image_urls": [
              "https://www.edeka24.de/out/pictures/generated/product/1/224_224_90/msliahorndattel.jpg"
            ],
            "ItemTitle": "Alnatura Bio Müsli-Riegel Ahorn-Dattel 6ST 150G",
            "ItemPrice": "2,49€",
            "ItemUnit": "16,60€/kg",
            "local_image_path": "Lebensmittel/Süß & Salzig/msliahorndattel.jpg"
          },
          {
            "image_urls": [
              "https://www.edeka24.de/out/pictures/generated/product/1/224_224_90/katjestropenfrchte.jpg"
            ],
            "ItemTitle": "Katjes Tropenfrüchte 200G",
            "ItemPrice": "1,19€",
            "ItemUnit": "5,95€/kg",
            "local_image_path": "Lebensmittel/Süß & Salzig/katjestropenfrchte.jpg"
          },
          {
            "image_urls": [
              "https://www.edeka24.de/out/pictures/generated/product/1/224_224_90/milka_trauben_nuss_schokolade_100g.jpg"
            ],
            "ItemTitle": "Milka Trauben Nuss Schokolade 100G",
            "ItemPrice": "1,39€",
            "ItemUnit": "13,90€/kg",
            "local_image_path": "Wein/ Spirituosen/Spirituosen/highland_park_18_jahre_single_malt_whisky.jpg"
          },
          {
            "image_urls": [
              "https://www.edeka24.de/out/pictures/generated/product/1/224_224_90/giotto_haselnuss_ministangen_116_g.jpg"
            ],
            "ItemTitle": "Giotto Haselnuss Mini-Stangen 116G",
            "ItemPrice": "3,29€",
            "ItemUnit": "28,36€/kg",
            "local_image_path": "Lebensmittel/Süß & Salzig/giotto_haselnuss_ministangen_116_g.jpg"
          },
          {
            "image_urls": [
              "https://www.edeka24.de/out/pictures/generated/product/1/224_224_90/milka_noisette_270g(1).jpg"
            ],
            "ItemTitle": "Milka Noisette 270G",
            "ItemPrice": "3,75€",
            "ItemUnit": "13,89€/kg",
            "local_image_path": "Lebensmittel/Süß & Salzig/milka_noisette_270g(1).jpg"
          },
          {
            "image_urls": [
              "https://www.edeka24.de/out/pictures/generated/product/1/224_224_90/merci_petits_kaffee_sahne_125g.jpg"
            ],
            "ItemTitle": "Merci Petits Kaffee Sahne 125G",
            "ItemPrice": "2,29€",
            "ItemUnit": "18,32€/kg",
            "local_image_path": "Lebensmittel/Süß & Salzig/merci_petits_kaffee_sahne_125g.jpg"
          },
          {
            "image_urls": [
              "https://www.edeka24.de/out/pictures/generated/product/1/224_224_90/naturals_rosmarin_95g.jpg"
            ],
            "ItemTitle": "Lorenz Naturals Rosmarin 95G",
            "ItemPrice": "2,29€",
            "ItemUnit": "24,11€/kg",
            "local_image_path": "Lebensmittel/Süß & Salzig/naturals_rosmarin_95g.jpg"
          },
          {
            "image_urls": [
              "https://www.edeka24.de/out/pictures/generated/product/1/224_224_90/katjeswunderland.jpg"
            ],
            "ItemTitle": "Katjes Wunderland Fruchtgummi 200G",
            "ItemPrice": "1,19€",
            "ItemUnit": "5,95€/kg",
            "local_image_path": "Wein/ Spirituosen/Spirituosen/highland_park_18_jahre_single_malt_whisky.jpg"
          },
          {
            "image_urls": [
              "https://www.edeka24.de/out/pictures/generated/product/1/224_224_90/bahlsen_rekord_gebamp228ckmischung_350g.jpg"
            ],
            "ItemTitle": "Bahlsen Rekord Gebäckmischung 350G",
            "ItemPrice": "3,79€",
            "ItemUnit": "10,83€/kg",
            "local_image_path": "Lebensmittel/Süß & Salzig/bahlsen_rekord_gebamp228ckmischung_350g.jpg"
          },
          {
            "image_urls": [
              "https://www.edeka24.de/out/pictures/generated/product/1/224_224_90/4104420055360_knabber_eulen_100g.jpg"
            ],
            "ItemTitle": "Alnatura Knabber Eulen Classic 100G",
            "ItemPrice": "1,59€",
            "ItemUnit": "15,90€/kg",
            "local_image_path": "Lebensmittel/Süß & Salzig/4104420055360_knabber_eulen_100g.jpg"
          },
          {
            "image_urls": [
              "https://www.edeka24.de/out/pictures/generated/product/1/224_224_90/corny_nussvoll_nussquartet_amp_traube_4st_96g.jpg"
            ],
            "ItemTitle": "Corny Nussvoll Nuss-Quartet & Traube 4ST 96G",
            "ItemPrice": "1,69€",
            "ItemUnit": "17,60€/kg",
            "local_image_path": "Lebensmittel/Süß & Salzig/corny_nussvoll_nussquartet_amp_traube_4st_96g.jpg"
          },
          {
            "image_urls": [
              "https://www.edeka24.de/out/pictures/generated/product/1/224_224_90/oreo_white_choc_kekse_246_g.jpg"
            ],
            "ItemTitle": "Oreo Enrobed White Kekse 246G",
            "ItemPrice": "3,49€",
            "ItemUnit": "14,19€/kg",
            "local_image_path": "Lebensmittel/Süß & Salzig/oreo_white_choc_kekse_246_g.jpg"
          },
          {
            "image_urls": [
              "https://www.edeka24.de/out/pictures/generated/product/1/224_224_90/ffkichchipjoghgurk.jpg"
            ],
            "ItemTitle": "Funny-Frisch Kichererbsenchips Joghurt Gurken Style 80G",
            "ItemPrice": "2,29€",
            "ItemUnit": "28,63€/kg",
            "local_image_path": "Wein/ Spirituosen/Spirituosen/highland_park_18_jahre_single_malt_whisky.jpg"
          },
          {
            "image_urls": [
              "https://www.edeka24.de/out/pictures/generated/product/1/224_224_90/maoam-kracher.jpg"
            ],
            "ItemTitle": "Maoam Kracher 200G",
            "ItemPrice": "1,29€",
            "ItemUnit": "6,45€/kg",
            "local_image_path": "Wein/ Spirituosen/Spirituosen/highland_park_18_jahre_single_malt_whisky.jpg"
          },
          {
            "image_urls": [
              "https://www.edeka24.de/out/pictures/generated/product/1/224_224_90/alnatura_bio_dinkel_waffel_bltter_vollmilch_125_g.jpg"
            ],
            "ItemTitle": "Alnatura Bio Dinkel Waffel Blätter Vollmilch 125G",
            "ItemPrice": "2,99€",
            "ItemUnit": "23,92€/kg",
            "local_image_path": "Bio-Produkte/Lebensmittel von Alnatura/alnatura_bio_dinkel_waffel_bltter_vollmilch_125_g.jpg"
          },
          {
            "image_urls": [
              "https://www.edeka24.de/out/pictures/generated/product/1/224_224_90/bio_alnatura_studentenfutter_400g.jpg"
            ],
            "ItemTitle": "Alnatura Bio Studentenfutter 400G",
            "ItemPrice": "5,19€",
            "ItemUnit": "12,98€/kg",
            "local_image_path": "Wein/ Spirituosen/Spirituosen/highland_park_18_jahre_single_malt_whisky.jpg"
          },
          {
            "image_urls": [
              "https://www.edeka24.de/out/pictures/generated/product/1/224_224_90/alnatura_bio_banane_riegel.jpg"
            ],
            "ItemTitle": "Alnatura Bio Banane Riegel 40G",
            "ItemPrice": "1,39€",
            "ItemUnit": "34,75€/kg",
            "local_image_path": "Bio-Produkte/Lebensmittel von Alnatura/alnatura_bio_banane_riegel.jpg"
          },
          {
            "image_urls": [
              "https://www.edeka24.de/out/pictures/generated/product/1/224_224_90/nimm2soft.jpg"
            ],
            "ItemTitle": "nimm2 Fruchtkaubonbon Soft 195G",
            "ItemPrice": "1,99€",
            "ItemUnit": "10,21€/kg",
            "local_image_path": "Lebensmittel/Süß & Salzig/nimm2soft.jpg"
          },
          {
            "image_urls": [
              "https://www.edeka24.de/out/pictures/generated/product/1/224_224_90/veganzschokokekse.jpg"
            ],
            "ItemTitle": "Veganz Bio Schokokeks 150G",
            "ItemPrice": "2,29€",
            "ItemUnit": "15,27€/kg",
            "local_image_path": "Bio-Produkte/Bio Marken/veganzschokokekse.jpg"
          },
          {
            "image_urls": [
              "https://www.edeka24.de/out/pictures/generated/product/1/224_224_90/leibniz_haferkeks_230g.jpg"
            ],
            "ItemTitle": "Leibniz Haferkeks 230G",
            "ItemPrice": "1,99€",
            "ItemUnit": "8,65€/kg",
            "local_image_path": "Lebensmittel/Süß & Salzig/leibniz_haferkeks_230g.jpg"
          },
          {
            "image_urls": [
              "https://www.edeka24.de/out/pictures/generated/product/1/224_224_90/alnaturarieggelgranatapfel-traube.jpg"
            ],
            "ItemTitle": "Alnatura Bio Granatapfel-Traube Fruchtschnitte 75G",
            "ItemPrice": "2,29€",
            "ItemUnit": "30,53€/kg",
            "local_image_path": "Bio-Produkte/Lebensmittel von Alnatura/alnaturarieggelgranatapfel-traube.jpg"
          },
          {
            "image_urls": [
              "https://www.edeka24.de/out/pictures/generated/product/1/224_224_90/ffgoldfischli.jpg"
            ],
            "ItemTitle": "Funny-Frisch Goldfischli Original 100G",
            "ItemPrice": "1,59€",
            "ItemUnit": "15,90€/kg",
            "local_image_path": "Wein/ Spirituosen/Spirituosen/highland_park_18_jahre_single_malt_whisky.jpg"
          },
          {
            "image_urls": [
              "https://www.edeka24.de/out/pictures/generated/product/1/224_224_90/plant_for_the_planet_die_gute_schokolade_fairtrade_100_g.jpg"
            ],
            "ItemTitle": "Plant for the Planet Die Gute Schokolade Fairtrade 100G",
            "ItemPrice": "1,39€",
            "ItemUnit": "13,90€/kg",
            "local_image_path": "Lebensmittel/Süß & Salzig/plant_for_the_planet_die_gute_schokolade_fairtrade_100_g.jpg"
          },
          {
            "image_urls": [
              "https://www.edeka24.de/out/pictures/generated/product/1/224_224_90/lambertz_gebamp228ckmischung_composition_1kg.jpg"
            ],
            "ItemTitle": "Lambertz Gebäckmischung Composition 1KG",
            "ItemPrice": "10,99€",
            "ItemUnit": "10,99€/kg",
            "local_image_path": "Lebensmittel/Süß & Salzig/lambertz_gebamp228ckmischung_composition_1kg.jpg"
          },
          {
            "image_urls": [
              "https://www.edeka24.de/out/pictures/generated/product/1/224_224_90/eerdnuesse_ohne_salz_200g.jpg"
            ],
            "ItemTitle": "EDEKA Erdnuss Kerne geröstet & ungesalzen 200G",
            "ItemPrice": "1,49€",
            "ItemUnit": "7,45€/kg",
            "local_image_path": "Lebensmittel/Süß & Salzig/eerdnuesse_ohne_salz_200g.jpg"
          },
          {
            "image_urls": [
              "https://www.edeka24.de/out/pictures/generated/product/1/224_224_90/alnatura_bio_vielfrucht_riegel_40_g.jpg"
            ],
            "ItemTitle": "Alnatura Bio Vielfrucht Riegel 40G",
            "ItemPrice": "1,19€",
            "ItemUnit": "29,75€/kg",
            "local_image_path": "Wein/ Spirituosen/Spirituosen/highland_park_18_jahre_single_malt_whisky.jpg"
          },
          {
            "image_urls": [
              "https://www.edeka24.de/out/pictures/generated/product/1/224_224_90/reese039serdnussbutter_cup_minis_90g.jpg"
            ],
            "ItemTitle": "Reese's Erdnussbutter Cup Minis 90G",
            "ItemPrice": "1,99€",
            "ItemUnit": "22,11€/kg",
            "local_image_path": "Wein/ Spirituosen/Spirituosen/highland_park_18_jahre_single_malt_whisky.jpg"
          },
          {
            "image_urls": [
              "https://www.edeka24.de/out/pictures/generated/product/1/224_224_90/bio_alnatura_dinkel_kramp228cker_sesam_175g.jpg"
            ],
            "ItemTitle": "Alnatura Bio Dinkel Kräcker Sesam 175G",
            "ItemPrice": "1,89€",
            "ItemUnit": "10,80€/kg",
            "local_image_path": "Bio-Produkte/Lebensmittel von Alnatura/bio_alnatura_dinkel_kramp228cker_sesam_175g.jpg"
          },
          {
            "image_urls": [
              "https://www.edeka24.de/out/pictures/generated/product/1/224_224_90/wieboldgfuo.a..jpg"
            ],
            "ItemTitle": "Wiebold Götterfunken ohne Alkohol 200G",
            "ItemPrice": "3,79€",
            "ItemUnit": "18,95€/kg",
            "local_image_path": "Wein/ Spirituosen/Spirituosen/highland_park_18_jahre_single_malt_whisky.jpg"
          },
          {
            "image_urls": [
              "https://www.edeka24.de/out/pictures/generated/product/1/224_224_90/ritter_sport_nuss_klasse_honigsalzmandel_100g.jpg"
            ],
            "ItemTitle": "Ritter Sport Nuss Klasse Honig-Salz-Mandel 100G",
            "ItemPrice": "1,79€",
            "ItemUnit": "17,90€/kg",
            "local_image_path": "Wein/ Spirituosen/Spirituosen/highland_park_18_jahre_single_malt_whisky.jpg"
          },
          {
            "image_urls": [
              "https://www.edeka24.de/out/pictures/generated/product/1/224_224_90/nutella_bready_6st_132g.jpg"
            ],
            "ItemTitle": "Ferrero Nutella B-Ready 6ST 132G",
            "ItemPrice": "2,29€",
            "ItemUnit": "17,35€/kg",
            "local_image_path": "Wein/ Spirituosen/Spirituosen/highland_park_18_jahre_single_malt_whisky.jpg"
          },
          {
            "image_urls": [
              "https://www.edeka24.de/out/pictures/generated/product/1/224_224_90/naturals_leicht_salz_80g.jpg"
            ],
            "ItemTitle": "Lorenz Naturals Fein Gesalzen 80G",
            "ItemPrice": "2,29€",
            "ItemUnit": "28,63€/kg",
            "local_image_path": "Wein/ Spirituosen/Spirituosen/highland_park_18_jahre_single_malt_whisky.jpg"
          },
          {
            "image_urls": [
              "https://www.edeka24.de/out/pictures/generated/product/1/224_224_90/bahlsen_leibniz_kunterbunt_150g.jpg"
            ],
            "ItemTitle": "Leibniz Kunterbunt 150G",
            "ItemPrice": "2,29€",
            "ItemUnit": "15,27€/kg",
            "local_image_path": "Wein/ Spirituosen/Spirituosen/highland_park_18_jahre_single_malt_whisky.jpg"
          },
          {
            "image_urls": [
              "https://www.edeka24.de/out/pictures/generated/product/1/224_224_90/edeka_bio_haferbar_cranberry_und_haselnuss_60_g.jpg"
            ],
            "ItemTitle": "EDEKA Bio Haferbar Flapjack Cranberry und Haselnuss 60G",
            "ItemPrice": "1,49€",
            "ItemUnit": "24,83€/kg",
            "local_image_path": "Bio-Produkte/Bio Marken/edeka_bio_haferbar_cranberry_und_haselnuss_60_g.jpg"
          },
          {
            "image_urls": [
              "https://www.edeka24.de/out/pictures/generated/product/1/224_224_90/bio_edeka_cranberries_175g.jpg"
            ],
            "ItemTitle": "EDEKA Bio Cranberries 175G",
            "ItemPrice": "3,99€",
            "ItemUnit": "22,80€/kg",
            "local_image_path": "Bio-Produkte/Bio Marken/bio_edeka_cranberries_175g.jpg"
          },
          {
            "image_urls": [
              "https://www.edeka24.de/out/pictures/generated/product/1/224_224_90/edeka_macadamias_gerstet_und_gesalzen(1).jpg"
            ],
            "ItemTitle": "EDEKA Macadamias geröstet & gesalzen 125G",
            "ItemPrice": "4,79€",
            "ItemUnit": "38,32€/kg",
            "local_image_path": "Lebensmittel/Süß & Salzig/edeka_macadamias_gerstet_und_gesalzen(1).jpg"
          },
          {
            "image_urls": [
              "https://www.edeka24.de/out/pictures/generated/product/1/224_224_90/kit_kat_chunky_milk_4st_160g.jpg"
            ],
            "ItemTitle": "KitKat Chunky 4ST 160G",
            "ItemPrice": "2,49€",
            "ItemUnit": "15,56€/kg",
            "local_image_path": "Lebensmittel/Süß & Salzig/kit_kat_chunky_milk_4st_160g.jpg"
          },
          {
            "image_urls": [
              "https://www.edeka24.de/out/pictures/generated/product/1/224_224_90/casali_schoko_bananen_300g.jpg"
            ],
            "ItemTitle": "Casali Schoko Bananen 300G",
            "ItemPrice": "3,19€",
            "ItemUnit": "10,63€/kg",
            "local_image_path": "Lebensmittel/Süß & Salzig/casali_schoko_bananen_300g.jpg"
          },
          {
            "image_urls": [
              "https://www.edeka24.de/out/pictures/generated/product/1/224_224_90/bio_alnatura_butter_sables_110g.jpg"
            ],
            "ItemTitle": "Alnatura Bio Butter Sables 110G",
            "ItemPrice": "2,29€",
            "ItemUnit": "20,82€/kg",
            "local_image_path": "Bio-Produkte/Lebensmittel von Alnatura/bio_alnatura_butter_sables_110g.jpg"
          },
          {
            "image_urls": [
              "https://www.edeka24.de/out/pictures/generated/product/1/224_224_90/pombamp228r_ofen_minis_paprika_80g.jpg"
            ],
            "ItemTitle": "Pom-Bär Ofen Minis Paprika 80G",
            "ItemPrice": "1,79€",
            "ItemUnit": "22,38€/kg",
            "local_image_path": "Lebensmittel/Süß & Salzig/pombamp228r_ofen_minis_paprika_80g.jpg"
          },
          {
            "image_urls": [
              "https://www.edeka24.de/out/pictures/generated/product/1/224_224_90/ltje_mixnuss_gerstet_amp_gesalzen.jpg"
            ],
            "ItemTitle": "Ültje Mix-Nuss geröstet & gesalzen 150G",
            "ItemPrice": "4,29€",
            "ItemUnit": "28,60€/kg",
            "local_image_path": "Lebensmittel/Süß & Salzig/ltje_mixnuss_gerstet_amp_gesalzen.jpg"
          },
          {
            "image_urls": [
              "https://www.edeka24.de/out/pictures/generated/product/1/224_224_90/milka_alpenmilch_schokolade_mit_bunten_kakaolinsen_100g.jpg"
            ],
            "ItemTitle": "Milka Alpenmilch Schokolade mit bunten Kakaolinsen 100G",
            "ItemPrice": "1,49€",
            "ItemUnit": "14,90€/kg",
            "local_image_path": "Wein/ Spirituosen/Spirituosen/highland_park_18_jahre_single_malt_whisky.jpg"
          },
          {
            "image_urls": [
              "https://www.edeka24.de/out/pictures/generated/product/1/224_224_90/alnatura_bio_rosinen.jpg"
            ],
            "ItemTitle": "Alnatura Bio Rosinen 200G",
            "ItemPrice": "1,69€",
            "ItemUnit": "8,45€/kg",
            "local_image_path": "Lebensmittel/Süß & Salzig/alnatura_bio_rosinen.jpg"
          },
          {
            "image_urls": [
              "https://www.edeka24.de/out/pictures/generated/product/1/224_224_90/vivil_cremelife_latte_macchiato_zuckerfrei_110g.jpg"
            ],
            "ItemTitle": "Vivil CremeLife Latte Macchiato zuckerfrei 110G",
            "ItemPrice": "2,29€",
            "ItemUnit": "20,82€/kg",
            "local_image_path": "Lebensmittel/Süß & Salzig/vivil_cremelife_latte_macchiato_zuckerfrei_110g.jpg"
          },
          {
            "image_urls": [
              "https://www.edeka24.de/out/pictures/generated/product/1/224_224_90/alnatura_bio_feigen_klein.jpg"
            ],
            "ItemTitle": "Alnatura Bio Feigen 250G",
            "ItemPrice": "3,99€",
            "ItemUnit": "15,96€/kg",
            "local_image_path": "Bio-Produkte/Lebensmittel von Alnatura/alnatura_bio_feigen_klein.jpg"
          },
          {
            "image_urls": [
              "https://www.edeka24.de/out/pictures/generated/product/1/224_224_90/merci_lovelies_creamy_185g.jpg"
            ],
            "ItemTitle": "Merci Lovelies Creamy 185G",
            "ItemPrice": "2,59€",
            "ItemUnit": "14,00€/kg",
            "local_image_path": "Lebensmittel/Süß & Salzig/merci_lovelies_creamy_185g.jpg"
          },
          {
            "image_urls": [
              "https://www.edeka24.de/out/pictures/generated/product/1/224_224_90/bio_alnatura_weiamp223ecrispschokolade_100g.jpg"
            ],
            "ItemTitle": "Alnatura Bio Weiße Crisp Schokolade 100G",
            "ItemPrice": "1,79€",
            "ItemUnit": "17,90€/kg",
            "local_image_path": "Lebensmittel/Süß & Salzig/bio_alnatura_weiamp223ecrispschokolade_100g.jpg"
          },
          {
            "image_urls": [
              "https://www.edeka24.de/out/pictures/generated/product/1/224_224_90/manner_snack_minis_haselnuss_300g.jpg"
            ],
            "ItemTitle": "Manner Snack Minis Haselnuss 300G",
            "ItemPrice": "3,99€",
            "ItemUnit": "13,30€/kg",
            "local_image_path": "Lebensmittel/Süß & Salzig/manner_snack_minis_haselnuss_300g.jpg"
          },
          {
            "image_urls": [
              "https://www.edeka24.de/out/pictures/generated/product/1/224_224_90/bio_alnatura_cappuccinoschokolade_100g.jpg"
            ],
            "ItemTitle": "Alnatura Bio Cappuccino Schokolade 100G",
            "ItemPrice": "2,19€",
            "ItemUnit": "21,90€/kg",
            "local_image_path": "Bio-Produkte/Lebensmittel von Alnatura/bio_alnatura_cappuccinoschokolade_100g.jpg"
          },
          {
            "image_urls": [
              "https://www.edeka24.de/out/pictures/generated/product/1/224_224_90/edeka_mini_lieblingsstcke_100_g.jpg"
            ],
            "ItemTitle": "EDEKA Mini Lieblingsstücke 100G",
            "ItemPrice": "2,49€",
            "ItemUnit": "24,90€/kg",
            "local_image_path": "Lebensmittel/Süß & Salzig/edeka_mini_lieblingsstcke_100_g.jpg"
          },
          {
            "image_urls": [
              "https://www.edeka24.de/out/pictures/generated/product/1/224_224_90/3391-mcv-original-250g.jpg"
            ],
            "ItemTitle": "Mc Vities Digestive Original Weizenkeks 250G",
            "ItemPrice": "2,29€",
            "ItemUnit": "9,16€/kg",
            "local_image_path": "Lebensmittel/Süß & Salzig/3391-mcv-original-250g.jpg"
          },
          {
            "image_urls": [
              "https://www.edeka24.de/out/pictures/generated/product/1/224_224_90/after-eight-200g_1000.jpg"
            ],
            "ItemTitle": "After Eight Mint Chocolate Thins 200G",
            "ItemPrice": "2,79€",
            "ItemUnit": "13,95€/kg",
            "local_image_path": "Wein/ Spirituosen/Spirituosen/highland_park_18_jahre_single_malt_whisky.jpg"
          },
          {
            "image_urls": [
              "https://www.edeka24.de/out/pictures/generated/product/1/224_224_90/trolliminiburger.jpg"
            ],
            "ItemTitle": "Trolli Mini Burger 170G",
            "ItemPrice": "2,49€",
            "ItemUnit": "14,65€/kg",
            "local_image_path": "Lebensmittel/Süß & Salzig/trolliminiburger.jpg"
          },
          {
            "image_urls": [
              "https://www.edeka24.de/out/pictures/generated/product/1/224_224_90/hitschlerschnreerdb.jpg"
            ],
            "ItemTitle": "Hitschler Erdbeer Schnüre 125G",
            "ItemPrice": "1,39€",
            "ItemUnit": "11,12€/kg",
            "local_image_path": "Lebensmittel/Süß & Salzig/hitschlerschnreerdb.jpg"
          },
          {
            "image_urls": [
              "https://www.edeka24.de/out/pictures/generated/product/1/224_224_90/eerdnuesse_ohne_salz_200g.jpg"
            ],
            "ItemTitle": "EDEKA Erdnuss Kerne geröstet & ungesalzen 200G",
            "ItemPrice": "1,49€",
            "ItemUnit": "7,45€/kg",
            "local_image_path": "Lebensmittel/Süß & Salzig/eerdnuesse_ohne_salz_200g.jpg"
          },
          {
            "image_urls": [
              "https://www.edeka24.de/out/pictures/generated/product/1/224_224_90/alnatura_bio_vielfrucht_riegel_40_g.jpg"
            ],
            "ItemTitle": "Alnatura Bio Vielfrucht Riegel 40G",
            "ItemPrice": "1,19€",
            "ItemUnit": "29,75€/kg",
            "local_image_path": "Wein/ Spirituosen/Spirituosen/highland_park_18_jahre_single_malt_whisky.jpg"
          },
          {
            "image_urls": [
              "https://www.edeka24.de/out/pictures/generated/product/1/224_224_90/reese039serdnussbutter_cup_minis_90g.jpg"
            ],
            "ItemTitle": "Reese's Erdnussbutter Cup Minis 90G",
            "ItemPrice": "1,99€",
            "ItemUnit": "22,11€/kg",
            "local_image_path": "Wein/ Spirituosen/Spirituosen/highland_park_18_jahre_single_malt_whisky.jpg"
          },
          {
            "image_urls": [
              "https://www.edeka24.de/out/pictures/generated/product/1/224_224_90/bio_alnatura_dinkel_kramp228cker_sesam_175g.jpg"
            ],
            "ItemTitle": "Alnatura Bio Dinkel Kräcker Sesam 175G",
            "ItemPrice": "1,89€",
            "ItemUnit": "10,80€/kg",
            "local_image_path": "Bio-Produkte/Lebensmittel von Alnatura/bio_alnatura_dinkel_kramp228cker_sesam_175g.jpg"
          },
          {
            "image_urls": [
              "https://www.edeka24.de/out/pictures/generated/product/1/224_224_90/wieboldgfuo.a..jpg"
            ],
            "ItemTitle": "Wiebold Götterfunken ohne Alkohol 200G",
            "ItemPrice": "3,79€",
            "ItemUnit": "18,95€/kg",
            "local_image_path": "Wein/ Spirituosen/Spirituosen/highland_park_18_jahre_single_malt_whisky.jpg"
          },
          {
            "image_urls": [
              "https://www.edeka24.de/out/pictures/generated/product/1/224_224_90/ritter_sport_nuss_klasse_honigsalzmandel_100g.jpg"
            ],
            "ItemTitle": "Ritter Sport Nuss Klasse Honig-Salz-Mandel 100G",
            "ItemPrice": "1,79€",
            "ItemUnit": "17,90€/kg",
            "local_image_path": "Wein/ Spirituosen/Spirituosen/highland_park_18_jahre_single_malt_whisky.jpg"
          },
          {
            "image_urls": [
              "https://www.edeka24.de/out/pictures/generated/product/1/224_224_90/nutella_bready_6st_132g.jpg"
            ],
            "ItemTitle": "Ferrero Nutella B-Ready 6ST 132G",
            "ItemPrice": "2,29€",
            "ItemUnit": "17,35€/kg",
            "local_image_path": "Wein/ Spirituosen/Spirituosen/highland_park_18_jahre_single_malt_whisky.jpg"
          },
          {
            "image_urls": [
              "https://www.edeka24.de/out/pictures/generated/product/1/224_224_90/naturals_leicht_salz_80g.jpg"
            ],
            "ItemTitle": "Lorenz Naturals Fein Gesalzen 80G",
            "ItemPrice": "2,29€",
            "ItemUnit": "28,63€/kg",
            "local_image_path": "Wein/ Spirituosen/Spirituosen/highland_park_18_jahre_single_malt_whisky.jpg"
          },
          {
            "image_urls": [
              "https://www.edeka24.de/out/pictures/generated/product/1/224_224_90/bahlsen_leibniz_kunterbunt_150g.jpg"
            ],
            "ItemTitle": "Leibniz Kunterbunt 150G",
            "ItemPrice": "2,29€",
            "ItemUnit": "15,27€/kg",
            "local_image_path": "Wein/ Spirituosen/Spirituosen/highland_park_18_jahre_single_malt_whisky.jpg"
          },
          {
            "image_urls": [
              "https://www.edeka24.de/out/pictures/generated/product/1/224_224_90/edeka_bio_haferbar_cranberry_und_haselnuss_60_g.jpg"
            ],
            "ItemTitle": "EDEKA Bio Haferbar Flapjack Cranberry und Haselnuss 60G",
            "ItemPrice": "1,49€",
            "ItemUnit": "24,83€/kg",
            "local_image_path": "Bio-Produkte/Bio Marken/edeka_bio_haferbar_cranberry_und_haselnuss_60_g.jpg"
          },
          {
            "image_urls": [
              "https://www.edeka24.de/out/pictures/generated/product/1/224_224_90/bio_edeka_cranberries_175g.jpg"
            ],
            "ItemTitle": "EDEKA Bio Cranberries 175G",
            "ItemPrice": "3,99€",
            "ItemUnit": "22,80€/kg",
            "local_image_path": "Bio-Produkte/Bio Marken/bio_edeka_cranberries_175g.jpg"
          },
          {
            "image_urls": [
              "https://www.edeka24.de/out/pictures/generated/product/1/224_224_90/edeka_macadamias_gerstet_und_gesalzen(1).jpg"
            ],
            "ItemTitle": "EDEKA Macadamias geröstet & gesalzen 125G",
            "ItemPrice": "4,79€",
            "ItemUnit": "38,32€/kg",
            "local_image_path": "Lebensmittel/Süß & Salzig/edeka_macadamias_gerstet_und_gesalzen(1).jpg"
          },
          {
            "image_urls": [
              "https://www.edeka24.de/out/pictures/generated/product/1/224_224_90/kit_kat_chunky_milk_4st_160g.jpg"
            ],
            "ItemTitle": "KitKat Chunky 4ST 160G",
            "ItemPrice": "2,49€",
            "ItemUnit": "15,56€/kg",
            "local_image_path": "Lebensmittel/Süß & Salzig/kit_kat_chunky_milk_4st_160g.jpg"
          },
          {
            "image_urls": [
              "https://www.edeka24.de/out/pictures/generated/product/1/224_224_90/casali_schoko_bananen_300g.jpg"
            ],
            "ItemTitle": "Casali Schoko Bananen 300G",
            "ItemPrice": "3,19€",
            "ItemUnit": "10,63€/kg",
            "local_image_path": "Lebensmittel/Süß & Salzig/casali_schoko_bananen_300g.jpg"
          },
          {
            "image_urls": [
              "https://www.edeka24.de/out/pictures/generated/product/1/224_224_90/bio_alnatura_butter_sables_110g.jpg"
            ],
            "ItemTitle": "Alnatura Bio Butter Sables 110G",
            "ItemPrice": "2,29€",
            "ItemUnit": "20,82€/kg",
            "local_image_path": "Bio-Produkte/Lebensmittel von Alnatura/bio_alnatura_butter_sables_110g.jpg"
          },
          {
            "image_urls": [
              "https://www.edeka24.de/out/pictures/generated/product/1/224_224_90/pombamp228r_ofen_minis_paprika_80g.jpg"
            ],
            "ItemTitle": "Pom-Bär Ofen Minis Paprika 80G",
            "ItemPrice": "1,79€",
            "ItemUnit": "22,38€/kg",
            "local_image_path": "Lebensmittel/Süß & Salzig/pombamp228r_ofen_minis_paprika_80g.jpg"
          },
          {
            "image_urls": [
              "https://www.edeka24.de/out/pictures/generated/product/1/224_224_90/ltje_mixnuss_gerstet_amp_gesalzen.jpg"
            ],
            "ItemTitle": "Ültje Mix-Nuss geröstet & gesalzen 150G",
            "ItemPrice": "4,29€",
            "ItemUnit": "28,60€/kg",
            "local_image_path": "Lebensmittel/Süß & Salzig/ltje_mixnuss_gerstet_amp_gesalzen.jpg"
          },
          {
            "image_urls": [
              "https://www.edeka24.de/out/pictures/generated/product/1/224_224_90/milka_alpenmilch_schokolade_mit_bunten_kakaolinsen_100g.jpg"
            ],
            "ItemTitle": "Milka Alpenmilch Schokolade mit bunten Kakaolinsen 100G",
            "ItemPrice": "1,49€",
            "ItemUnit": "14,90€/kg",
            "local_image_path": "Wein/ Spirituosen/Spirituosen/highland_park_18_jahre_single_malt_whisky.jpg"
          },
          {
            "image_urls": [
              "https://www.edeka24.de/out/pictures/generated/product/1/224_224_90/alnatura_bio_rosinen.jpg"
            ],
            "ItemTitle": "Alnatura Bio Rosinen 200G",
            "ItemPrice": "1,69€",
            "ItemUnit": "8,45€/kg",
            "local_image_path": "Lebensmittel/Süß & Salzig/alnatura_bio_rosinen.jpg"
          },
          {
            "image_urls": [
              "https://www.edeka24.de/out/pictures/generated/product/1/224_224_90/vivil_cremelife_latte_macchiato_zuckerfrei_110g.jpg"
            ],
            "ItemTitle": "Vivil CremeLife Latte Macchiato zuckerfrei 110G",
            "ItemPrice": "2,29€",
            "ItemUnit": "20,82€/kg",
            "local_image_path": "Lebensmittel/Süß & Salzig/vivil_cremelife_latte_macchiato_zuckerfrei_110g.jpg"
          },
          {
            "image_urls": [
              "https://www.edeka24.de/out/pictures/generated/product/1/224_224_90/alnatura_bio_feigen_klein.jpg"
            ],
            "ItemTitle": "Alnatura Bio Feigen 250G",
            "ItemPrice": "3,99€",
            "ItemUnit": "15,96€/kg",
            "local_image_path": "Bio-Produkte/Lebensmittel von Alnatura/alnatura_bio_feigen_klein.jpg"
          },
          {
            "image_urls": [
              "https://www.edeka24.de/out/pictures/generated/product/1/224_224_90/merci_lovelies_creamy_185g.jpg"
            ],
            "ItemTitle": "Merci Lovelies Creamy 185G",
            "ItemPrice": "2,59€",
            "ItemUnit": "14,00€/kg",
            "local_image_path": "Lebensmittel/Süß & Salzig/merci_lovelies_creamy_185g.jpg"
          },
          {
            "image_urls": [
              "https://www.edeka24.de/out/pictures/generated/product/1/224_224_90/bio_alnatura_weiamp223ecrispschokolade_100g.jpg"
            ],
            "ItemTitle": "Alnatura Bio Weiße Crisp Schokolade 100G",
            "ItemPrice": "1,79€",
            "ItemUnit": "17,90€/kg",
            "local_image_path": "Lebensmittel/Süß & Salzig/bio_alnatura_weiamp223ecrispschokolade_100g.jpg"
          },
          {
            "image_urls": [
              "https://www.edeka24.de/out/pictures/generated/product/1/224_224_90/manner_snack_minis_haselnuss_300g.jpg"
            ],
            "ItemTitle": "Manner Snack Minis Haselnuss 300G",
            "ItemPrice": "3,99€",
            "ItemUnit": "13,30€/kg",
            "local_image_path": "Lebensmittel/Süß & Salzig/manner_snack_minis_haselnuss_300g.jpg"
          },
          {
            "image_urls": [
              "https://www.edeka24.de/out/pictures/generated/product/1/224_224_90/bio_alnatura_cappuccinoschokolade_100g.jpg"
            ],
            "ItemTitle": "Alnatura Bio Cappuccino Schokolade 100G",
            "ItemPrice": "2,19€",
            "ItemUnit": "21,90€/kg",
            "local_image_path": "Bio-Produkte/Lebensmittel von Alnatura/bio_alnatura_cappuccinoschokolade_100g.jpg"
          },
          {
            "image_urls": [
              "https://www.edeka24.de/out/pictures/generated/product/1/224_224_90/edeka_mini_lieblingsstcke_100_g.jpg"
            ],
            "ItemTitle": "EDEKA Mini Lieblingsstücke 100G",
            "ItemPrice": "2,49€",
            "ItemUnit": "24,90€/kg",
            "local_image_path": "Lebensmittel/Süß & Salzig/edeka_mini_lieblingsstcke_100_g.jpg"
          },
          {
            "image_urls": [
              "https://www.edeka24.de/out/pictures/generated/product/1/224_224_90/3391-mcv-original-250g.jpg"
            ],
            "ItemTitle": "Mc Vities Digestive Original Weizenkeks 250G",
            "ItemPrice": "2,29€",
            "ItemUnit": "9,16€/kg",
            "local_image_path": "Lebensmittel/Süß & Salzig/3391-mcv-original-250g.jpg"
          },
          {
            "image_urls": [
              "https://www.edeka24.de/out/pictures/generated/product/1/224_224_90/after-eight-200g_1000.jpg"
            ],
            "ItemTitle": "After Eight Mint Chocolate Thins 200G",
            "ItemPrice": "2,79€",
            "ItemUnit": "13,95€/kg",
            "local_image_path": "Wein/ Spirituosen/Spirituosen/highland_park_18_jahre_single_malt_whisky.jpg"
          },
          {
            "image_urls": [
              "https://www.edeka24.de/out/pictures/generated/product/1/224_224_90/trolliminiburger.jpg"
            ],
            "ItemTitle": "Trolli Mini Burger 170G",
            "ItemPrice": "2,49€",
            "ItemUnit": "14,65€/kg",
            "local_image_path": "Lebensmittel/Süß & Salzig/trolliminiburger.jpg"
          },
          {
            "image_urls": [
              "https://www.edeka24.de/out/pictures/generated/product/1/224_224_90/hitschlerschnreerdb.jpg"
            ],
            "ItemTitle": "Hitschler Erdbeer Schnüre 125G",
            "ItemPrice": "1,39€",
            "ItemUnit": "11,12€/kg",
            "local_image_path": "Lebensmittel/Süß & Salzig/hitschlerschnreerdb.jpg"
          },
          {
            "image_urls": [
              "https://www.edeka24.de/out/pictures/generated/product/1/224_224_90/8801007499468.jpg"
            ],
            "ItemTitle": "Bibigo Seetang-Reis-Chips 20G",
            "ItemPrice": "2,69€",
            "ItemUnit": "134,50€/kg",
            "local_image_path": "Lebensmittel/Internationales/8801007499468.jpg"
          },
          {
            "image_urls": [
              "https://www.edeka24.de/out/pictures/generated/product/1/224_224_90/bio_edeka_cashewkerne_geramp246stetampampgesalzen_125g.jpg"
            ],
            "ItemTitle": "Edeka Bio Cashewkerne geröstet & gesalzen 125G",
            "ItemPrice": "2,99€",
            "ItemUnit": "23,92€/kg",
            "local_image_path": "Bio-Produkte/Bio Marken/bio_edeka_cashewkerne_geramp246stetampampgesalzen_125g.jpg"
          },
          {
            "image_urls": [
              "https://www.edeka24.de/out/pictures/generated/product/1/224_224_90/bahlsen_kipferl.jpg"
            ],
            "ItemTitle": "Bahlsen Kipferl 125G",
            "ItemPrice": "2,59€",
            "ItemUnit": "20,72€/kg",
            "local_image_path": "Wein/ Spirituosen/Spirituosen/highland_park_18_jahre_single_malt_whisky.jpg"
          },
          {
            "image_urls": [
              "https://www.edeka24.de/out/pictures/generated/product/1/224_224_90/kindercards.jpg"
            ],
            "ItemTitle": "Ferrero Kinder Cards 128G",
            "ItemPrice": "2,79€",
            "ItemUnit": "21,80€/kg",
            "local_image_path": "Lebensmittel/Süß & Salzig/kindercards.jpg"
          },
          {
            "image_urls": [
              "https://www.edeka24.de/out/pictures/generated/product/1/224_224_90/kettlebp.jpg"
            ],
            "ItemTitle": "Kettle Chips Sea Salt & Crushed Black Pepper 130G",
            "ItemPrice": "2,69€",
            "ItemUnit": "20,69€/kg",
            "local_image_path": "Lebensmittel/Süß & Salzig/kettlebp.jpg"
          },
          {
            "image_urls": [
              "https://www.edeka24.de/out/pictures/generated/product/1/224_224_90/guylian_meeresframp252chte_250g.jpg"
            ],
            "ItemTitle": "Guylian Meeresfrüchte 250G",
            "ItemPrice": "5,29€",
            "ItemUnit": "21,16€/kg",
            "local_image_path": "Lebensmittel/Süß & Salzig/guylian_meeresframp252chte_250g.jpg"
          },
          {
            "image_urls": [
              "https://www.edeka24.de/out/pictures/generated/product/1/224_224_90/schaer_biscotti_ciocco150g.jpg"
            ],
            "ItemTitle": "Schär Choco Keks Zartbitterschokoalde 150G",
            "ItemPrice": "2,69€",
            "ItemUnit": "17,93€/kg",
            "local_image_path": "Lebensmittel/Süß & Salzig/schaer_biscotti_ciocco150g.jpg"
          },
          {
            "image_urls": [
              "https://www.edeka24.de/out/pictures/generated/product/1/224_224_90/kksaulau.jpg"
            ],
            "ItemTitle": "Heimart Krosse Kerle Sauerrahm & Lauchzwiebel 115G",
            "ItemPrice": "2,49€",
            "ItemUnit": "21,65€/kg",
            "local_image_path": "Lebensmittel/Süß & Salzig/kksaulau.jpg"
          },
          {
            "image_urls": [
              "https://www.edeka24.de/out/pictures/generated/product/1/224_224_90/nimm2_softcola_195g.jpg"
            ],
            "ItemTitle": "Nimm2 Soft+Cola 195G",
            "ItemPrice": "1,99€",
            "ItemUnit": "10,21€/kg",
            "local_image_path": "Lebensmittel/Süß & Salzig/nimm2_softcola_195g.jpg"
          },
          {
            "image_urls": [
              "https://www.edeka24.de/out/pictures/generated/product/1/224_224_90/trolliapfelringe.jpg"
            ],
            "ItemTitle": "Trolli Apfel Ringe 150G",
            "ItemPrice": "1,19€",
            "ItemUnit": "7,93€/kg",
            "local_image_path": "Lebensmittel/Süß & Salzig/trolliapfelringe.jpg"
          },
          {
            "image_urls": [
              "https://www.edeka24.de/out/pictures/generated/product/1/224_224_90/chio_dip_hot_salsa_200ml.jpg"
            ],
            "ItemTitle": "Chio Dip! Hot Salsa 200ML",
            "ItemPrice": "2,79€",
            "ItemUnit": "13,95€/l",
            "local_image_path": "Lebensmittel/Süß & Salzig/chio_dip_hot_salsa_200ml.jpg"
          },
          {
            "image_urls": [
              "https://www.edeka24.de/out/pictures/generated/product/1/224_224_90/kettless.jpg"
            ],
            "ItemTitle": "Kettle Chips Sea Salt 130G",
            "ItemPrice": "2,69€",
            "ItemUnit": "20,69€/kg",
            "local_image_path": "Lebensmittel/Süß & Salzig/kettless.jpg"
          },
          {
            "image_urls": [
              "https://www.edeka24.de/out/pictures/generated/product/1/224_224_90/trolli_haifische_150g.jpg"
            ],
            "ItemTitle": "Trolli Haifische 150G",
            "ItemPrice": "1,19€",
            "ItemUnit": "7,93€/kg",
            "local_image_path": "Lebensmittel/Süß & Salzig/trolli_haifische_150g.jpg"
          },
          {
            "image_urls": [
              "https://www.edeka24.de/out/pictures/generated/product/1/224_224_90/milka_zartherb_schokolade_100g.jpg"
            ],
            "ItemTitle": "Milka Zartherb Schokolade 100G",
            "ItemPrice": "1,49€",
            "ItemUnit": "14,90€/kg",
            "local_image_path": "Lebensmittel/Süß & Salzig/milka_zartherb_schokolade_100g.jpg"
          },
          {
            "image_urls": [
              "https://www.edeka24.de/out/pictures/generated/product/1/224_224_90/merci-helle-vielfalt_250_pack.jpg"
            ],
            "ItemTitle": "Merci Finest Selection Helle Vielfalt 250G",
            "ItemPrice": "3,49€",
            "ItemUnit": "13,96€/kg",
            "local_image_path": "Lebensmittel/Süß & Salzig/merci-helle-vielfalt_250_pack.jpg"
          },
          {
            "image_urls": [
              "https://www.edeka24.de/out/pictures/generated/product/1/224_224_90/schoko_keks_300_p1.jpg"
            ],
            "ItemTitle": "Griesson Schokokeks Vollmilch 125G",
            "ItemPrice": "1,59€",
            "ItemUnit": "12,72€/kg",
            "local_image_path": "Wein/ Spirituosen/Spirituosen/highland_park_18_jahre_single_malt_whisky.jpg"
          },
          {
            "image_urls": [
              "https://www.edeka24.de/out/pictures/generated/product/1/224_224_90/dextro_energy_classic_3er.jpg"
            ],
            "ItemTitle": "Dextro Energy Classic 3ST 138G",
            "ItemPrice": "2,29€",
            "ItemUnit": "16,59€/kg",
            "local_image_path": "Lebensmittel/Süß & Salzig/dextro_energy_classic_3er.jpg"
          },
          {
            "image_urls": [
              "https://www.edeka24.de/out/pictures/generated/product/1/224_224_90/edeka_pistazien_gerstet_gesalzen.jpg"
            ],
            "ItemTitle": "EDEKA Pistazien geröstet & gesalzen 150G",
            "ItemPrice": "3,49€",
            "ItemUnit": "23,27€/kg",
            "local_image_path": "Wein/ Spirituosen/Spirituosen/highland_park_18_jahre_single_malt_whisky.jpg"
          },
          {
            "image_urls": [
              "https://www.edeka24.de/out/pictures/generated/product/1/224_224_90/alnatura_bio_walnuss_kerne.jpg"
            ],
            "ItemTitle": "Alnatura Bio Walnuss Kerne 150G",
            "ItemPrice": "3,79€",
            "ItemUnit": "25,27€/kg",
            "local_image_path": "Lebensmittel/Süß & Salzig/alnatura_bio_walnuss_kerne.jpg"
          },
          {
            "image_urls": [
              "https://www.edeka24.de/out/pictures/generated/product/1/224_224_90/mannernapovk.jpg"
            ],
            "ItemTitle": "Manner Neapolitaner Schnitten Volllkorn 300G",
            "ItemPrice": "3,99€",
            "ItemUnit": "13,30€/kg",
            "local_image_path": "Lebensmittel/Süß & Salzig/mannernapovk.jpg"
          },
          {
            "image_urls": [
              "https://www.edeka24.de/out/pictures/generated/product/1/224_224_90/vivilclerdbeer.jpg"
            ],
            "ItemTitle": "Vivil CremeLife Erdbeere zuckerfrei 110G",
            "ItemPrice": "2,29€",
            "ItemUnit": "20,82€/kg",
            "local_image_path": "Lebensmittel/Süß & Salzig/vivilclerdbeer.jpg"
          },
          {
            "image_urls": [
              "https://www.edeka24.de/out/pictures/generated/product/1/224_224_90/veganzchocbarhazel.jpg"
            ],
            "ItemTitle": "Veganz Bio Choc Bar Haselnuss vegan 40G",
            "ItemPrice": "1,69€",
            "ItemUnit": "42,25€/kg",
            "local_image_path": "Bio-Produkte/Bio Marken/veganzchocbarhazel.jpg"
          },
          {
            "image_urls": [
              "https://www.edeka24.de/out/pictures/generated/product/1/224_224_90/alnaturadibuke.jpg"
            ],
            "ItemTitle": "Alnatura Bio Dinkel Butterkeks 150G",
            "ItemPrice": "1,79€",
            "ItemUnit": "11,93€/kg",
            "local_image_path": "Bio-Produkte/Lebensmittel von Alnatura/alnaturadibuke.jpg"
          },
          {
            "image_urls": [
              "https://www.edeka24.de/out/pictures/generated/product/1/224_224_90/schamp228r_original_curvies_paprika_170g.jpg"
            ],
            "ItemTitle": "Schär Curvies Paprika 170G",
            "ItemPrice": "2,89€",
            "ItemUnit": "17,00€/kg",
            "local_image_path": "Lebensmittel/Süß & Salzig/schamp228r_original_curvies_paprika_170g.jpg"
          },
          {
            "image_urls": [
              "https://www.edeka24.de/out/pictures/generated/product/1/224_224_90/alnatura_bio_kokos_chips.jpg"
            ],
            "ItemTitle": "Alnatura Bio Kokos Chips 100G",
            "ItemPrice": "1,59€",
            "ItemUnit": "15,90€/kg",
            "local_image_path": "Lebensmittel/Süß & Salzig/alnatura_bio_kokos_chips.jpg"
          },
          {
            "image_urls": [
              "https://www.edeka24.de/out/pictures/generated/product/1/224_224_90/100g_vollmilch_laktosefrei.jpg"
            ],
            "ItemTitle": "Ritter Sport Vollmilch Laktosefrei 100G",
            "ItemPrice": "2,49€",
            "ItemUnit": "24,90€/kg",
            "local_image_path": "Wein/ Spirituosen/Spirituosen/highland_park_18_jahre_single_malt_whisky.jpg"
          },
          {
            "image_urls": [
              "https://www.edeka24.de/out/pictures/generated/product/1/224_224_90/bio_alnatura_ganze_nussschokolade_100g.jpg"
            ],
            "ItemTitle": "Alnatura Bio Ganze Nuss Schokolade 100G",
            "ItemPrice": "2,29€",
            "ItemUnit": "22,90€/kg",
            "local_image_path": "Lebensmittel/Süß & Salzig/bio_alnatura_ganze_nussschokolade_100g.jpg"
          },
          {
            "image_urls": [
              "https://www.edeka24.de/out/pictures/generated/product/1/224_224_90/lorenz_rohscheiben_rosmarin_120g.jpg"
            ],
            "ItemTitle": "Lorenz Rohscheiben Rosmarin 120G",
            "ItemPrice": "2,49€",
            "ItemUnit": "20,75€/kg",
            "local_image_path": "Lebensmittel/Süß & Salzig/lorenz_rohscheiben_rosmarin_120g.jpg"
          },
          {
            "image_urls": [
              "https://www.edeka24.de/out/pictures/generated/product/1/224_224_90/bonne_maman_tartelettes_chocolat_lait_caramel_135g.jpg"
            ],
            "ItemTitle": "Bonne Maman Tartelettes Chocolat Caramel 135G",
            "ItemPrice": "3,49€",
            "ItemUnit": "25,85€/kg",
            "local_image_path": "Lebensmittel/Süß & Salzig/bonne_maman_tartelettes_chocolat_lait_caramel_135g.jpg"
          },
          {
            "image_urls": [
              "https://www.edeka24.de/out/pictures/generated/product/1/224_224_90/chio_mikrowellen_popcorn_s.jpg"
            ],
            "ItemTitle": "Chio Popcorn süß 120G",
            "ItemPrice": "1,99€",
            "ItemUnit": "16,58€/kg",
            "local_image_path": "Lebensmittel/Süß & Salzig/chio_mikrowellen_popcorn_s.jpg"
          },
          {
            "image_urls": [
              "https://www.edeka24.de/out/pictures/generated/product/1/224_224_90/8801007499468.jpg"
            ],
            "ItemTitle": "Bibigo Seetang-Reis-Chips 20G",
            "ItemPrice": "2,69€",
            "ItemUnit": "134,50€/kg",
            "local_image_path": "Lebensmittel/Internationales/8801007499468.jpg"
          },
          {
            "image_urls": [
              "https://www.edeka24.de/out/pictures/generated/product/1/224_224_90/bio_edeka_cashewkerne_geramp246stetampampgesalzen_125g.jpg"
            ],
            "ItemTitle": "Edeka Bio Cashewkerne geröstet & gesalzen 125G",
            "ItemPrice": "2,99€",
            "ItemUnit": "23,92€/kg",
            "local_image_path": "Bio-Produkte/Bio Marken/bio_edeka_cashewkerne_geramp246stetampampgesalzen_125g.jpg"
          },
          {
            "image_urls": [
              "https://www.edeka24.de/out/pictures/generated/product/1/224_224_90/bahlsen_kipferl.jpg"
            ],
            "ItemTitle": "Bahlsen Kipferl 125G",
            "ItemPrice": "2,59€",
            "ItemUnit": "20,72€/kg",
            "local_image_path": "Wein/ Spirituosen/Spirituosen/highland_park_18_jahre_single_malt_whisky.jpg"
          },
          {
            "image_urls": [
              "https://www.edeka24.de/out/pictures/generated/product/1/224_224_90/kindercards.jpg"
            ],
            "ItemTitle": "Ferrero Kinder Cards 128G",
            "ItemPrice": "2,79€",
            "ItemUnit": "21,80€/kg",
            "local_image_path": "Lebensmittel/Süß & Salzig/kindercards.jpg"
          },
          {
            "image_urls": [
              "https://www.edeka24.de/out/pictures/generated/product/1/224_224_90/kettlebp.jpg"
            ],
            "ItemTitle": "Kettle Chips Sea Salt & Crushed Black Pepper 130G",
            "ItemPrice": "2,69€",
            "ItemUnit": "20,69€/kg",
            "local_image_path": "Lebensmittel/Süß & Salzig/kettlebp.jpg"
          },
          {
            "image_urls": [
              "https://www.edeka24.de/out/pictures/generated/product/1/224_224_90/guylian_meeresframp252chte_250g.jpg"
            ],
            "ItemTitle": "Guylian Meeresfrüchte 250G",
            "ItemPrice": "5,29€",
            "ItemUnit": "21,16€/kg",
            "local_image_path": "Lebensmittel/Süß & Salzig/guylian_meeresframp252chte_250g.jpg"
          },
          {
            "image_urls": [
              "https://www.edeka24.de/out/pictures/generated/product/1/224_224_90/schaer_biscotti_ciocco150g.jpg"
            ],
            "ItemTitle": "Schär Choco Keks Zartbitterschokoalde 150G",
            "ItemPrice": "2,69€",
            "ItemUnit": "17,93€/kg",
            "local_image_path": "Lebensmittel/Süß & Salzig/schaer_biscotti_ciocco150g.jpg"
          },
          {
            "image_urls": [
              "https://www.edeka24.de/out/pictures/generated/product/1/224_224_90/kksaulau.jpg"
            ],
            "ItemTitle": "Heimart Krosse Kerle Sauerrahm & Lauchzwiebel 115G",
            "ItemPrice": "2,49€",
            "ItemUnit": "21,65€/kg",
            "local_image_path": "Lebensmittel/Süß & Salzig/kksaulau.jpg"
          },
          {
            "image_urls": [
              "https://www.edeka24.de/out/pictures/generated/product/1/224_224_90/nimm2_softcola_195g.jpg"
            ],
            "ItemTitle": "Nimm2 Soft+Cola 195G",
            "ItemPrice": "1,99€",
            "ItemUnit": "10,21€/kg",
            "local_image_path": "Lebensmittel/Süß & Salzig/nimm2_softcola_195g.jpg"
          },
          {
            "image_urls": [
              "https://www.edeka24.de/out/pictures/generated/product/1/224_224_90/trolliapfelringe.jpg"
            ],
            "ItemTitle": "Trolli Apfel Ringe 150G",
            "ItemPrice": "1,19€",
            "ItemUnit": "7,93€/kg",
            "local_image_path": "Lebensmittel/Süß & Salzig/trolliapfelringe.jpg"
          },
          {
            "image_urls": [
              "https://www.edeka24.de/out/pictures/generated/product/1/224_224_90/chio_dip_hot_salsa_200ml.jpg"
            ],
            "ItemTitle": "Chio Dip! Hot Salsa 200ML",
            "ItemPrice": "2,79€",
            "ItemUnit": "13,95€/l",
            "local_image_path": "Lebensmittel/Süß & Salzig/chio_dip_hot_salsa_200ml.jpg"
          },
          {
            "image_urls": [
              "https://www.edeka24.de/out/pictures/generated/product/1/224_224_90/kettless.jpg"
            ],
            "ItemTitle": "Kettle Chips Sea Salt 130G",
            "ItemPrice": "2,69€",
            "ItemUnit": "20,69€/kg",
            "local_image_path": "Lebensmittel/Süß & Salzig/kettless.jpg"
          },
          {
            "image_urls": [
              "https://www.edeka24.de/out/pictures/generated/product/1/224_224_90/trolli_haifische_150g.jpg"
            ],
            "ItemTitle": "Trolli Haifische 150G",
            "ItemPrice": "1,19€",
            "ItemUnit": "7,93€/kg",
            "local_image_path": "Lebensmittel/Süß & Salzig/trolli_haifische_150g.jpg"
          },
          {
            "image_urls": [
              "https://www.edeka24.de/out/pictures/generated/product/1/224_224_90/milka_zartherb_schokolade_100g.jpg"
            ],
            "ItemTitle": "Milka Zartherb Schokolade 100G",
            "ItemPrice": "1,49€",
            "ItemUnit": "14,90€/kg",
            "local_image_path": "Lebensmittel/Süß & Salzig/milka_zartherb_schokolade_100g.jpg"
          },
          {
            "image_urls": [
              "https://www.edeka24.de/out/pictures/generated/product/1/224_224_90/merci-helle-vielfalt_250_pack.jpg"
            ],
            "ItemTitle": "Merci Finest Selection Helle Vielfalt 250G",
            "ItemPrice": "3,49€",
            "ItemUnit": "13,96€/kg",
            "local_image_path": "Lebensmittel/Süß & Salzig/merci-helle-vielfalt_250_pack.jpg"
          },
          {
            "image_urls": [
              "https://www.edeka24.de/out/pictures/generated/product/1/224_224_90/schoko_keks_300_p1.jpg"
            ],
            "ItemTitle": "Griesson Schokokeks Vollmilch 125G",
            "ItemPrice": "1,59€",
            "ItemUnit": "12,72€/kg",
            "local_image_path": "Wein/ Spirituosen/Spirituosen/highland_park_18_jahre_single_malt_whisky.jpg"
          },
          {
            "image_urls": [
              "https://www.edeka24.de/out/pictures/generated/product/1/224_224_90/dextro_energy_classic_3er.jpg"
            ],
            "ItemTitle": "Dextro Energy Classic 3ST 138G",
            "ItemPrice": "2,29€",
            "ItemUnit": "16,59€/kg",
            "local_image_path": "Lebensmittel/Süß & Salzig/dextro_energy_classic_3er.jpg"
          },
          {
            "image_urls": [
              "https://www.edeka24.de/out/pictures/generated/product/1/224_224_90/edeka_pistazien_gerstet_gesalzen.jpg"
            ],
            "ItemTitle": "EDEKA Pistazien geröstet & gesalzen 150G",
            "ItemPrice": "3,49€",
            "ItemUnit": "23,27€/kg",
            "local_image_path": "Wein/ Spirituosen/Spirituosen/highland_park_18_jahre_single_malt_whisky.jpg"
          },
          {
            "image_urls": [
              "https://www.edeka24.de/out/pictures/generated/product/1/224_224_90/alnatura_bio_walnuss_kerne.jpg"
            ],
            "ItemTitle": "Alnatura Bio Walnuss Kerne 150G",
            "ItemPrice": "3,79€",
            "ItemUnit": "25,27€/kg",
            "local_image_path": "Lebensmittel/Süß & Salzig/alnatura_bio_walnuss_kerne.jpg"
          },
          {
            "image_urls": [
              "https://www.edeka24.de/out/pictures/generated/product/1/224_224_90/mannernapovk.jpg"
            ],
            "ItemTitle": "Manner Neapolitaner Schnitten Volllkorn 300G",
            "ItemPrice": "3,99€",
            "ItemUnit": "13,30€/kg",
            "local_image_path": "Lebensmittel/Süß & Salzig/mannernapovk.jpg"
          },
          {
            "image_urls": [
              "https://www.edeka24.de/out/pictures/generated/product/1/224_224_90/vivilclerdbeer.jpg"
            ],
            "ItemTitle": "Vivil CremeLife Erdbeere zuckerfrei 110G",
            "ItemPrice": "2,29€",
            "ItemUnit": "20,82€/kg",
            "local_image_path": "Lebensmittel/Süß & Salzig/vivilclerdbeer.jpg"
          },
          {
            "image_urls": [
              "https://www.edeka24.de/out/pictures/generated/product/1/224_224_90/veganzchocbarhazel.jpg"
            ],
            "ItemTitle": "Veganz Bio Choc Bar Haselnuss vegan 40G",
            "ItemPrice": "1,69€",
            "ItemUnit": "42,25€/kg",
            "local_image_path": "Bio-Produkte/Bio Marken/veganzchocbarhazel.jpg"
          },
          {
            "image_urls": [
              "https://www.edeka24.de/out/pictures/generated/product/1/224_224_90/alnaturadibuke.jpg"
            ],
            "ItemTitle": "Alnatura Bio Dinkel Butterkeks 150G",
            "ItemPrice": "1,79€",
            "ItemUnit": "11,93€/kg",
            "local_image_path": "Bio-Produkte/Lebensmittel von Alnatura/alnaturadibuke.jpg"
          },
          {
            "image_urls": [
              "https://www.edeka24.de/out/pictures/generated/product/1/224_224_90/schamp228r_original_curvies_paprika_170g.jpg"
            ],
            "ItemTitle": "Schär Curvies Paprika 170G",
            "ItemPrice": "2,89€",
            "ItemUnit": "17,00€/kg",
            "local_image_path": "Lebensmittel/Süß & Salzig/schamp228r_original_curvies_paprika_170g.jpg"
          },
          {
            "image_urls": [
              "https://www.edeka24.de/out/pictures/generated/product/1/224_224_90/alnatura_bio_kokos_chips.jpg"
            ],
            "ItemTitle": "Alnatura Bio Kokos Chips 100G",
            "ItemPrice": "1,59€",
            "ItemUnit": "15,90€/kg",
            "local_image_path": "Lebensmittel/Süß & Salzig/alnatura_bio_kokos_chips.jpg"
          },
          {
            "image_urls": [
              "https://www.edeka24.de/out/pictures/generated/product/1/224_224_90/100g_vollmilch_laktosefrei.jpg"
            ],
            "ItemTitle": "Ritter Sport Vollmilch Laktosefrei 100G",
            "ItemPrice": "2,49€",
            "ItemUnit": "24,90€/kg",
            "local_image_path": "Wein/ Spirituosen/Spirituosen/highland_park_18_jahre_single_malt_whisky.jpg"
          },
          {
            "image_urls": [
              "https://www.edeka24.de/out/pictures/generated/product/1/224_224_90/bio_alnatura_ganze_nussschokolade_100g.jpg"
            ],
            "ItemTitle": "Alnatura Bio Ganze Nuss Schokolade 100G",
            "ItemPrice": "2,29€",
            "ItemUnit": "22,90€/kg",
            "local_image_path": "Lebensmittel/Süß & Salzig/bio_alnatura_ganze_nussschokolade_100g.jpg"
          },
          {
            "image_urls": [
              "https://www.edeka24.de/out/pictures/generated/product/1/224_224_90/lorenz_rohscheiben_rosmarin_120g.jpg"
            ],
            "ItemTitle": "Lorenz Rohscheiben Rosmarin 120G",
            "ItemPrice": "2,49€",
            "ItemUnit": "20,75€/kg",
            "local_image_path": "Lebensmittel/Süß & Salzig/lorenz_rohscheiben_rosmarin_120g.jpg"
          },
          {
            "image_urls": [
              "https://www.edeka24.de/out/pictures/generated/product/1/224_224_90/bonne_maman_tartelettes_chocolat_lait_caramel_135g.jpg"
            ],
            "ItemTitle": "Bonne Maman Tartelettes Chocolat Caramel 135G",
            "ItemPrice": "3,49€",
            "ItemUnit": "25,85€/kg",
            "local_image_path": "Lebensmittel/Süß & Salzig/bonne_maman_tartelettes_chocolat_lait_caramel_135g.jpg"
          },
          {
            "image_urls": [
              "https://www.edeka24.de/out/pictures/generated/product/1/224_224_90/chio_mikrowellen_popcorn_s.jpg"
            ],
            "ItemTitle": "Chio Popcorn süß 120G",
            "ItemPrice": "1,99€",
            "ItemUnit": "16,58€/kg",
            "local_image_path": "Lebensmittel/Süß & Salzig/chio_mikrowellen_popcorn_s.jpg"
          },
          {
            "image_urls": [
              "https://www.edeka24.de/out/pictures/generated/product/1/224_224_90/merci-mandel-nuss-vielfalt_250_pack.jpg"
            ],
            "ItemTitle": "Merci Finest Selection Mandel Knusper Vielfalt 250G",
            "ItemPrice": "3,49€",
            "ItemUnit": "13,96€/kg",
            "local_image_path": "Lebensmittel/Süß & Salzig/merci-mandel-nuss-vielfalt_250_pack.jpg"
          },
          {
            "image_urls": [
              "https://www.edeka24.de/out/pictures/generated/product/1/224_224_90/tic_tac_fresh_mint_100er_box.jpg"
            ],
            "ItemTitle": "tic tac Fresh Mint 100ST 49G",
            "ItemPrice": "1,69€",
            "ItemUnit": "34,49€/kg",
            "local_image_path": "Wein/ Spirituosen/Spirituosen/highland_park_18_jahre_single_malt_whisky.jpg"
          },
          {
            "image_urls": [
              "https://www.edeka24.de/out/pictures/generated/product/1/224_224_90/tic_tac_fresh_orange_100er_box.jpg"
            ],
            "ItemTitle": "tic tac Fresh Orange 100ST 49G",
            "ItemPrice": "1,69€",
            "ItemUnit": "34,49€/kg",
            "local_image_path": "Lebensmittel/Süß & Salzig/tic_tac_fresh_orange_100er_box.jpg"
          },
          {
            "image_urls": [
              "https://www.edeka24.de/out/pictures/generated/product/1/224_224_90/kgifretdark.jpg"
            ],
            "ItemTitle": "Kägi Fret Dark mini 128G",
            "ItemPrice": "3,49€",
            "ItemUnit": "27,27€/kg",
            "local_image_path": "Wein/ Spirituosen/Spirituosen/highland_park_18_jahre_single_malt_whisky.jpg"
          },
          {
            "image_urls": [
              "https://www.edeka24.de/out/pictures/generated/product/1/224_224_90/bahlsenperpetumvm.jpg"
            ],
            "ItemTitle": "Bahlsen Perpetum Vollmilch 97G",
            "ItemPrice": "2,59€",
            "ItemUnit": "26,70€/kg",
            "local_image_path": "Wein/ Spirituosen/Spirituosen/highland_park_18_jahre_single_malt_whisky.jpg"
          },
          {
            "image_urls": [
              "https://www.edeka24.de/out/pictures/generated/product/1/224_224_90/loackerpatisserie.jpg"
            ],
            "ItemTitle": "Loacker Patisserie Crème Noisette 100G",
            "ItemPrice": "3,29€",
            "ItemUnit": "32,90€/kg",
            "local_image_path": "Lebensmittel/Süß & Salzig/loackerpatisserie.jpg"
          },
          {
            "image_urls": [
              "https://www.edeka24.de/out/pictures/generated/product/1/224_224_90/wick_kirsche_mit_khlendem_menthol_ohne_zucker_46g.jpg"
            ],
            "ItemTitle": "Wick Kirsche mit kühlendem Menthol ohne Zucker 46G",
            "ItemPrice": "1,49€",
            "ItemUnit": "32,39€/kg",
            "local_image_path": "Wein/ Spirituosen/Spirituosen/highland_park_18_jahre_single_malt_whisky.jpg"
          },
          {
            "image_urls": [
              "https://www.edeka24.de/out/pictures/generated/product/1/224_224_90/vivilclhimbeer.jpg"
            ],
            "ItemTitle": "Vivil CremeLife Himbeere zuckerfrei 110G",
            "ItemPrice": "2,29€",
            "ItemUnit": "20,82€/kg",
            "local_image_path": "Wein/ Spirituosen/Spirituosen/highland_park_18_jahre_single_malt_whisky.jpg"
          },
          {
            "image_urls": [
              "https://www.edeka24.de/out/pictures/generated/product/1/224_224_90/dextro_energy_minis_waldfrucht_schulstoff_50g.jpg"
            ],
            "ItemTitle": "Dextro Energy Schulstoff Minis Waldfrucht 50G   MHD 08.2023",
            "ItemSalePrice": "0,80€",
            "ItemUnit": "16,00€/kg",
            "local_image_path": "Lebensmittel/Süß & Salzig/dextro_energy_minis_waldfrucht_schulstoff_50g.jpg"
          },
          {
            "image_urls": [
              "https://www.edeka24.de/out/pictures/generated/product/1/224_224_90/katjeswunderlandpink.jpg"
            ],
            "ItemTitle": "Katjes Wunderland Pink 200G",
            "ItemPrice": "1,19€",
            "ItemUnit": "5,95€/kg",
            "local_image_path": "Wein/ Spirituosen/Spirituosen/highland_park_18_jahre_single_malt_whisky.jpg"
          },
          {
            "image_urls": [
              "https://www.edeka24.de/out/pictures/generated/product/1/224_224_90/bio_vehappy_doppelkeks_mit_kakaocreme_vegan_330g.jpg"
            ],
            "ItemTitle": "Vehappy Bio Doppelkeks mit Kakaocreme vegan 330G",
            "ItemPrice": "2,79€",
            "ItemUnit": "8,45€/kg",
            "local_image_path": "Lebensmittel/Süß & Salzig/bio_vehappy_doppelkeks_mit_kakaocreme_vegan_330g.jpg"
          },
          {
            "image_urls": [
              "https://www.edeka24.de/out/pictures/generated/product/1/224_224_90/milka_cookies_sensation_oreo_156g.jpg"
            ],
            "ItemTitle": "Milka Cookie Sensations Oreo 156G",
            "ItemPrice": "2,49€",
            "ItemUnit": "15,96€/kg",
            "local_image_path": "Lebensmittel/Süß & Salzig/milka_cookies_sensation_oreo_156g.jpg"
          },
          {
            "image_urls": [
              "https://www.edeka24.de/out/pictures/generated/product/1/224_224_90/trolli_glotzer_gefamp252llt_75g.jpg"
            ],
            "ItemTitle": "Trolli Glotzer gefüllt 75G",
            "ItemPrice": "1,59€",
            "ItemUnit": "21,20€/kg",
            "local_image_path": "Wein/ Spirituosen/Spirituosen/highland_park_18_jahre_single_malt_whisky.jpg"
          },
          {
            "image_urls": [
              "https://www.edeka24.de/out/pictures/generated/product/1/224_224_90/rettergut_mixschokolade_tafel_80g.jpg"
            ],
            "ItemTitle": "Rettergut Mixschokolade Tafel 80G",
            "ItemPrice": "1,09€",
            "ItemUnit": "13,63€/kg",
            "local_image_path": "Bio-Produkte/Bio Marken/rettergut_mixschokolade_tafel_80g.jpg"
          },
          {
            "image_urls": [
              "https://www.edeka24.de/out/pictures/generated/product/1/224_224_90/milka_choco_wafer_150g.jpg"
            ],
            "ItemTitle": "Milka Choco Wafer 150G",
            "ItemPrice": "2,49€",
            "ItemUnit": "16,60€/kg",
            "local_image_path": "Lebensmittel/Süß & Salzig/milka_choco_wafer_150g.jpg"
          },
          {
            "image_urls": [
              "https://www.edeka24.de/out/pictures/generated/product/1/224_224_90/milka_haselnuss_schokolade_100g.jpg"
            ],
            "ItemTitle": "Milka Haselnuss Schokolade 100G",
            "ItemPrice": "1,49€",
            "ItemUnit": "14,90€/kg",
            "local_image_path": "Wein/ Spirituosen/Spirituosen/highland_park_18_jahre_single_malt_whisky.jpg"
          },
          {
            "image_urls": [
              "https://www.edeka24.de/out/pictures/generated/product/1/224_224_90/toblerone_200g(1).jpg"
            ],
            "ItemTitle": "Toblerone 200G",
            "ItemPrice": "3,99€",
            "ItemUnit": "19,95€/kg",
            "local_image_path": "Wein/ Spirituosen/Spirituosen/highland_park_18_jahre_single_malt_whisky.jpg"
          },
          {
            "image_urls": [
              "https://www.edeka24.de/out/pictures/generated/product/1/224_224_90/alpia_zartbitter_schokolade.jpg"
            ],
            "ItemTitle": "Alpia Zartbitter Schokolade 100G",
            "ItemPrice": "1,19€",
            "ItemUnit": "11,90€/kg",
            "local_image_path": "Lebensmittel/Süß & Salzig/alpia_zartbitter_schokolade.jpg"
          },
          {
            "image_urls": [
              "https://www.edeka24.de/out/pictures/generated/product/1/224_224_90/leibnizminisbutterkeks.jpg"
            ],
            "ItemTitle": "Leibniz Minis-Butterkekse 150G",
            "ItemPrice": "1,69€",
            "ItemUnit": "11,27€/kg",
            "local_image_path": "Lebensmittel/Süß & Salzig/leibnizminisbutterkeks.jpg"
          },
          {
            "image_urls": [
              "https://www.edeka24.de/out/pictures/generated/product/1/224_224_90/leibnizminchoc.jpg"
            ],
            "ItemTitle": "Leibniz Minis-Schokokekse 125G",
            "ItemPrice": "1,69€",
            "ItemUnit": "13,52€/kg",
            "local_image_path": "Lebensmittel/Süß & Salzig/leibnizminchoc.jpg"
          },
          {
            "image_urls": [
              "https://www.edeka24.de/out/pictures/generated/product/1/224_224_90/61508100_b_ger_o_salz_0200g_rgb.jpg"
            ],
            "ItemTitle": "Ültje Erdnüsse ohne Salz 200G",
            "ItemPrice": "2,49€",
            "ItemUnit": "12,45€/kg",
            "local_image_path": "Lebensmittel/Süß & Salzig/61508100_b_ger_o_salz_0200g_rgb.jpg"
          },
          {
            "image_urls": [
              "https://www.edeka24.de/out/pictures/generated/product/1/224_224_90/sallos.jpg"
            ],
            "ItemTitle": "Villosa Sallos 150G",
            "ItemPrice": "1,29€",
            "ItemUnit": "8,60€/kg",
            "local_image_path": "Wein/ Spirituosen/Spirituosen/highland_park_18_jahre_single_malt_whisky.jpg"
          },
          {
            "image_urls": [
              "https://www.edeka24.de/out/pictures/generated/product/1/224_224_90/emeukal_zitrone_hustenbonbons_zuckerfrei.jpg"
            ],
            "ItemTitle": "Em-Eukal Zitrone Hustenbonbons zuckerfrei 75G",
            "ItemPrice": "1,99€",
            "ItemUnit": "26,53€/kg",
            "local_image_path": "Lebensmittel/Süß & Salzig/emeukal_zitrone_hustenbonbons_zuckerfrei.jpg"
          },
          {
            "image_urls": [
              "https://www.edeka24.de/out/pictures/generated/product/1/224_224_90/milka_naps_alpenmilch.jpg"
            ],
            "ItemTitle": "Milka Naps Alpenmilch 119G",
            "ItemPrice": "2,89€",
            "ItemUnit": "24,29€/kg",
            "local_image_path": "Lebensmittel/Süß & Salzig/milka_naps_alpenmilch.jpg"
          },
          {
            "image_urls": [
              "https://www.edeka24.de/out/pictures/generated/product/1/224_224_90/merci_lovelies_white_185g.jpg"
            ],
            "ItemTitle": "Merci Lovelies White 185G",
            "ItemPrice": "2,59€",
            "ItemUnit": "14,00€/kg",
            "local_image_path": "Lebensmittel/Süß & Salzig/merci_lovelies_white_185g.jpg"
          },
          {
            "image_urls": [
              "https://www.edeka24.de/out/pictures/generated/product/1/224_224_90/veganzproteinchocbar.jpg"
            ],
            "ItemTitle": "Veganz Bio Protein Choc Bar Chocolate Brownie Style 50G",
            "ItemPrice": "2,19€",
            "ItemUnit": "43,80€/kg",
            "local_image_path": "Bio-Produkte/Bio Marken/veganzproteinchocbar.jpg"
          },
          {
            "image_urls": [
              "https://www.edeka24.de/out/pictures/generated/product/1/224_224_90/merci_petits_crunch_collection_125g.jpg"
            ],
            "ItemTitle": "Merci Petits Crunch Collection 125G",
            "ItemPrice": "2,29€",
            "ItemUnit": "18,32€/kg",
            "local_image_path": "Lebensmittel/Süß & Salzig/merci_petits_crunch_collection_125g.jpg"
          },
          {
            "image_urls": [
              "https://www.edeka24.de/out/pictures/generated/product/1/224_224_90/bio_alnatura_cashew_krokant_riegel_30g.jpg"
            ],
            "ItemTitle": "Alnatura Bio Cashew Krokant Riegel 30G",
            "ItemPrice": "0,99€",
            "ItemUnit": "33,00€/kg",
            "local_image_path": "Bio-Produkte/Lebensmittel von Alnatura/bio_alnatura_cashew_krokant_riegel_30g.jpg"
          },
          {
            "image_urls": [
              "https://www.edeka24.de/out/pictures/generated/product/1/224_224_90/unverpacktkrbiskerne.jpg"
            ],
            "ItemTitle": "Unverpackt Bio Demeter Kürbiskerne 300G",
            "ItemSalePrice": "7,00€",
            "ItemUnit": "23,33€/kgzzgl.0,15€Pfand",
            "local_image_path": "Lebensmittel/Beilagen/unverpacktkrbiskerne.jpg"
          },
          {
            "image_urls": [
              "https://www.edeka24.de/out/pictures/generated/product/1/224_224_90/trolli_wurrli_mit_fruchtsaft_150g.jpg"
            ],
            "ItemTitle": "Trolli Wurrli 150G",
            "ItemPrice": "1,19€",
            "ItemUnit": "7,93€/kg",
            "local_image_path": "Lebensmittel/Süß & Salzig/trolli_wurrli_mit_fruchtsaft_150g.jpg"
          },
          {
            "image_urls": [
              "https://www.edeka24.de/out/pictures/generated/product/1/224_224_90/merci-mandel-nuss-vielfalt_250_pack.jpg"
            ],
            "ItemTitle": "Merci Finest Selection Mandel Knusper Vielfalt 250G",
            "ItemPrice": "3,49€",
            "ItemUnit": "13,96€/kg",
            "local_image_path": "Lebensmittel/Süß & Salzig/merci-mandel-nuss-vielfalt_250_pack.jpg"
          },
          {
            "image_urls": [
              "https://www.edeka24.de/out/pictures/generated/product/1/224_224_90/tic_tac_fresh_mint_100er_box.jpg"
            ],
            "ItemTitle": "tic tac Fresh Mint 100ST 49G",
            "ItemPrice": "1,69€",
            "ItemUnit": "34,49€/kg",
            "local_image_path": "Wein/ Spirituosen/Spirituosen/highland_park_18_jahre_single_malt_whisky.jpg"
          },
          {
            "image_urls": [
              "https://www.edeka24.de/out/pictures/generated/product/1/224_224_90/tic_tac_fresh_orange_100er_box.jpg"
            ],
            "ItemTitle": "tic tac Fresh Orange 100ST 49G",
            "ItemPrice": "1,69€",
            "ItemUnit": "34,49€/kg",
            "local_image_path": "Lebensmittel/Süß & Salzig/tic_tac_fresh_orange_100er_box.jpg"
          },
          {
            "image_urls": [
              "https://www.edeka24.de/out/pictures/generated/product/1/224_224_90/kgifretdark.jpg"
            ],
            "ItemTitle": "Kägi Fret Dark mini 128G",
            "ItemPrice": "3,49€",
            "ItemUnit": "27,27€/kg",
            "local_image_path": "Wein/ Spirituosen/Spirituosen/highland_park_18_jahre_single_malt_whisky.jpg"
          },
          {
            "image_urls": [
              "https://www.edeka24.de/out/pictures/generated/product/1/224_224_90/bahlsenperpetumvm.jpg"
            ],
            "ItemTitle": "Bahlsen Perpetum Vollmilch 97G",
            "ItemPrice": "2,59€",
            "ItemUnit": "26,70€/kg",
            "local_image_path": "Wein/ Spirituosen/Spirituosen/highland_park_18_jahre_single_malt_whisky.jpg"
          },
          {
            "image_urls": [
              "https://www.edeka24.de/out/pictures/generated/product/1/224_224_90/loackerpatisserie.jpg"
            ],
            "ItemTitle": "Loacker Patisserie Crème Noisette 100G",
            "ItemPrice": "3,29€",
            "ItemUnit": "32,90€/kg",
            "local_image_path": "Lebensmittel/Süß & Salzig/loackerpatisserie.jpg"
          },
          {
            "image_urls": [
              "https://www.edeka24.de/out/pictures/generated/product/1/224_224_90/wick_kirsche_mit_khlendem_menthol_ohne_zucker_46g.jpg"
            ],
            "ItemTitle": "Wick Kirsche mit kühlendem Menthol ohne Zucker 46G",
            "ItemPrice": "1,49€",
            "ItemUnit": "32,39€/kg",
            "local_image_path": "Wein/ Spirituosen/Spirituosen/highland_park_18_jahre_single_malt_whisky.jpg"
          },
          {
            "image_urls": [
              "https://www.edeka24.de/out/pictures/generated/product/1/224_224_90/vivilclhimbeer.jpg"
            ],
            "ItemTitle": "Vivil CremeLife Himbeere zuckerfrei 110G",
            "ItemPrice": "2,29€",
            "ItemUnit": "20,82€/kg",
            "local_image_path": "Wein/ Spirituosen/Spirituosen/highland_park_18_jahre_single_malt_whisky.jpg"
          },
          {
            "image_urls": [
              "https://www.edeka24.de/out/pictures/generated/product/1/224_224_90/dextro_energy_minis_waldfrucht_schulstoff_50g.jpg"
            ],
            "ItemTitle": "Dextro Energy Schulstoff Minis Waldfrucht 50G   MHD 08.2023",
            "ItemSalePrice": "0,80€",
            "ItemUnit": "16,00€/kg",
            "local_image_path": "Lebensmittel/Süß & Salzig/dextro_energy_minis_waldfrucht_schulstoff_50g.jpg"
          },
          {
            "image_urls": [
              "https://www.edeka24.de/out/pictures/generated/product/1/224_224_90/katjeswunderlandpink.jpg"
            ],
            "ItemTitle": "Katjes Wunderland Pink 200G",
            "ItemPrice": "1,19€",
            "ItemUnit": "5,95€/kg",
            "local_image_path": "Wein/ Spirituosen/Spirituosen/highland_park_18_jahre_single_malt_whisky.jpg"
          },
          {
            "image_urls": [
              "https://www.edeka24.de/out/pictures/generated/product/1/224_224_90/bio_vehappy_doppelkeks_mit_kakaocreme_vegan_330g.jpg"
            ],
            "ItemTitle": "Vehappy Bio Doppelkeks mit Kakaocreme vegan 330G",
            "ItemPrice": "2,79€",
            "ItemUnit": "8,45€/kg",
            "local_image_path": "Lebensmittel/Süß & Salzig/bio_vehappy_doppelkeks_mit_kakaocreme_vegan_330g.jpg"
          },
          {
            "image_urls": [
              "https://www.edeka24.de/out/pictures/generated/product/1/224_224_90/milka_cookies_sensation_oreo_156g.jpg"
            ],
            "ItemTitle": "Milka Cookie Sensations Oreo 156G",
            "ItemPrice": "2,49€",
            "ItemUnit": "15,96€/kg",
            "local_image_path": "Lebensmittel/Süß & Salzig/milka_cookies_sensation_oreo_156g.jpg"
          },
          {
            "image_urls": [
              "https://www.edeka24.de/out/pictures/generated/product/1/224_224_90/trolli_glotzer_gefamp252llt_75g.jpg"
            ],
            "ItemTitle": "Trolli Glotzer gefüllt 75G",
            "ItemPrice": "1,59€",
            "ItemUnit": "21,20€/kg",
            "local_image_path": "Wein/ Spirituosen/Spirituosen/highland_park_18_jahre_single_malt_whisky.jpg"
          },
          {
            "image_urls": [
              "https://www.edeka24.de/out/pictures/generated/product/1/224_224_90/rettergut_mixschokolade_tafel_80g.jpg"
            ],
            "ItemTitle": "Rettergut Mixschokolade Tafel 80G",
            "ItemPrice": "1,09€",
            "ItemUnit": "13,63€/kg",
            "local_image_path": "Bio-Produkte/Bio Marken/rettergut_mixschokolade_tafel_80g.jpg"
          },
          {
            "image_urls": [
              "https://www.edeka24.de/out/pictures/generated/product/1/224_224_90/milka_choco_wafer_150g.jpg"
            ],
            "ItemTitle": "Milka Choco Wafer 150G",
            "ItemPrice": "2,49€",
            "ItemUnit": "16,60€/kg",
            "local_image_path": "Lebensmittel/Süß & Salzig/milka_choco_wafer_150g.jpg"
          },
          {
            "image_urls": [
              "https://www.edeka24.de/out/pictures/generated/product/1/224_224_90/milka_haselnuss_schokolade_100g.jpg"
            ],
            "ItemTitle": "Milka Haselnuss Schokolade 100G",
            "ItemPrice": "1,49€",
            "ItemUnit": "14,90€/kg",
            "local_image_path": "Wein/ Spirituosen/Spirituosen/highland_park_18_jahre_single_malt_whisky.jpg"
          },
          {
            "image_urls": [
              "https://www.edeka24.de/out/pictures/generated/product/1/224_224_90/toblerone_200g(1).jpg"
            ],
            "ItemTitle": "Toblerone 200G",
            "ItemPrice": "3,99€",
            "ItemUnit": "19,95€/kg",
            "local_image_path": "Wein/ Spirituosen/Spirituosen/highland_park_18_jahre_single_malt_whisky.jpg"
          },
          {
            "image_urls": [
              "https://www.edeka24.de/out/pictures/generated/product/1/224_224_90/alpia_zartbitter_schokolade.jpg"
            ],
            "ItemTitle": "Alpia Zartbitter Schokolade 100G",
            "ItemPrice": "1,19€",
            "ItemUnit": "11,90€/kg",
            "local_image_path": "Lebensmittel/Süß & Salzig/alpia_zartbitter_schokolade.jpg"
          },
          {
            "image_urls": [
              "https://www.edeka24.de/out/pictures/generated/product/1/224_224_90/leibnizminisbutterkeks.jpg"
            ],
            "ItemTitle": "Leibniz Minis-Butterkekse 150G",
            "ItemPrice": "1,69€",
            "ItemUnit": "11,27€/kg",
            "local_image_path": "Lebensmittel/Süß & Salzig/leibnizminisbutterkeks.jpg"
          },
          {
            "image_urls": [
              "https://www.edeka24.de/out/pictures/generated/product/1/224_224_90/leibnizminchoc.jpg"
            ],
            "ItemTitle": "Leibniz Minis-Schokokekse 125G",
            "ItemPrice": "1,69€",
            "ItemUnit": "13,52€/kg",
            "local_image_path": "Lebensmittel/Süß & Salzig/leibnizminchoc.jpg"
          },
          {
            "image_urls": [
              "https://www.edeka24.de/out/pictures/generated/product/1/224_224_90/61508100_b_ger_o_salz_0200g_rgb.jpg"
            ],
            "ItemTitle": "Ültje Erdnüsse ohne Salz 200G",
            "ItemPrice": "2,49€",
            "ItemUnit": "12,45€/kg",
            "local_image_path": "Lebensmittel/Süß & Salzig/61508100_b_ger_o_salz_0200g_rgb.jpg"
          },
          {
            "image_urls": [
              "https://www.edeka24.de/out/pictures/generated/product/1/224_224_90/sallos.jpg"
            ],
            "ItemTitle": "Villosa Sallos 150G",
            "ItemPrice": "1,29€",
            "ItemUnit": "8,60€/kg",
            "local_image_path": "Wein/ Spirituosen/Spirituosen/highland_park_18_jahre_single_malt_whisky.jpg"
          },
          {
            "image_urls": [
              "https://www.edeka24.de/out/pictures/generated/product/1/224_224_90/emeukal_zitrone_hustenbonbons_zuckerfrei.jpg"
            ],
            "ItemTitle": "Em-Eukal Zitrone Hustenbonbons zuckerfrei 75G",
            "ItemPrice": "1,99€",
            "ItemUnit": "26,53€/kg",
            "local_image_path": "Lebensmittel/Süß & Salzig/emeukal_zitrone_hustenbonbons_zuckerfrei.jpg"
          },
          {
            "image_urls": [
              "https://www.edeka24.de/out/pictures/generated/product/1/224_224_90/milka_naps_alpenmilch.jpg"
            ],
            "ItemTitle": "Milka Naps Alpenmilch 119G",
            "ItemPrice": "2,89€",
            "ItemUnit": "24,29€/kg",
            "local_image_path": "Lebensmittel/Süß & Salzig/milka_naps_alpenmilch.jpg"
          },
          {
            "image_urls": [
              "https://www.edeka24.de/out/pictures/generated/product/1/224_224_90/merci_lovelies_white_185g.jpg"
            ],
            "ItemTitle": "Merci Lovelies White 185G",
            "ItemPrice": "2,59€",
            "ItemUnit": "14,00€/kg",
            "local_image_path": "Lebensmittel/Süß & Salzig/merci_lovelies_white_185g.jpg"
          },
          {
            "image_urls": [
              "https://www.edeka24.de/out/pictures/generated/product/1/224_224_90/veganzproteinchocbar.jpg"
            ],
            "ItemTitle": "Veganz Bio Protein Choc Bar Chocolate Brownie Style 50G",
            "ItemPrice": "2,19€",
            "ItemUnit": "43,80€/kg",
            "local_image_path": "Bio-Produkte/Bio Marken/veganzproteinchocbar.jpg"
          },
          {
            "image_urls": [
              "https://www.edeka24.de/out/pictures/generated/product/1/224_224_90/merci_petits_crunch_collection_125g.jpg"
            ],
            "ItemTitle": "Merci Petits Crunch Collection 125G",
            "ItemPrice": "2,29€",
            "ItemUnit": "18,32€/kg",
            "local_image_path": "Lebensmittel/Süß & Salzig/merci_petits_crunch_collection_125g.jpg"
          },
          {
            "image_urls": [
              "https://www.edeka24.de/out/pictures/generated/product/1/224_224_90/bio_alnatura_cashew_krokant_riegel_30g.jpg"
            ],
            "ItemTitle": "Alnatura Bio Cashew Krokant Riegel 30G",
            "ItemPrice": "0,99€",
            "ItemUnit": "33,00€/kg",
            "local_image_path": "Bio-Produkte/Lebensmittel von Alnatura/bio_alnatura_cashew_krokant_riegel_30g.jpg"
          },
          {
            "image_urls": [
              "https://www.edeka24.de/out/pictures/generated/product/1/224_224_90/unverpacktkrbiskerne.jpg"
            ],
            "ItemTitle": "Unverpackt Bio Demeter Kürbiskerne 300G",
            "ItemSalePrice": "7,00€",
            "ItemUnit": "23,33€/kgzzgl.0,15€Pfand",
            "local_image_path": "Lebensmittel/Beilagen/unverpacktkrbiskerne.jpg"
          },
          {
            "image_urls": [
              "https://www.edeka24.de/out/pictures/generated/product/1/224_224_90/trolli_wurrli_mit_fruchtsaft_150g.jpg"
            ],
            "ItemTitle": "Trolli Wurrli 150G",
            "ItemPrice": "1,19€",
            "ItemUnit": "7,93€/kg",
            "local_image_path": "Lebensmittel/Süß & Salzig/trolli_wurrli_mit_fruchtsaft_150g.jpg"
          },
          {
            "image_urls": [
              "https://www.edeka24.de/out/pictures/generated/product/1/224_224_90/bio_alnatura_vollmilchschokolade_100g.jpg"
            ],
            "ItemTitle": "Alnatura Bio Vollmilch Schokolade 100G",
            "ItemPrice": "1,59€",
            "ItemUnit": "15,90€/kg",
            "local_image_path": "Lebensmittel/Süß & Salzig/bio_alnatura_vollmilchschokolade_100g.jpg"
          },
          {
            "image_urls": [
              "https://www.edeka24.de/out/pictures/generated/product/1/224_224_90/bio_alnatura_sesamkrokantriegel_4st_108g.jpg"
            ],
            "ItemTitle": "Alnatura Bio Sesam-Krokant-Riegel 4ST 108G",
            "ItemPrice": "2,39€",
            "ItemUnit": "22,13€/kg",
            "local_image_path": "Bio-Produkte/Lebensmittel von Alnatura/bio_alnatura_sesamkrokantriegel_4st_108g.jpg"
          },
          {
            "image_urls": [
              "https://www.edeka24.de/out/pictures/generated/product/1/224_224_90/katjesglcksgeflle.jpg"
            ],
            "ItemTitle": "Katjes Glücksgefühle 200G",
            "ItemPrice": "1,19€",
            "ItemUnit": "5,95€/kg",
            "local_image_path": "Lebensmittel/Süß & Salzig/katjesglcksgeflle.jpg"
          },
          {
            "image_urls": [
              "https://www.edeka24.de/out/pictures/generated/product/1/224_224_90/merci_petits_edelvollmilch_125g.jpg"
            ],
            "ItemTitle": "Merci Petits Edel-Vollmilch 125g",
            "ItemPrice": "2,29€",
            "ItemUnit": "18,32€/kg",
            "local_image_path": "Lebensmittel/Süß & Salzig/merci_petits_edelvollmilch_125g.jpg"
          },
          {
            "image_urls": [
              "https://www.edeka24.de/out/pictures/generated/product/1/224_224_90/de_beukelaer_premium_eiswaffeln_20st_50g.jpg"
            ],
            "ItemTitle": "De Beukelaer Decor On Ice Eiswaffeln 20ST 50G",
            "ItemPrice": "1,49€",
            "ItemUnit": "29,80€/kg",
            "local_image_path": "Lebensmittel/Süß & Salzig/de_beukelaer_premium_eiswaffeln_20st_50g.jpg"
          },
          {
            "image_urls": [
              "https://www.edeka24.de/out/pictures/generated/product/1/224_224_90/alnatura_bio_cashews_gerstet_amp_gesalzen.jpg"
            ],
            "ItemTitle": "Alnatura Bio Cashews geröstet & gesalzen 100G",
            "ItemPrice": "3,29€",
            "ItemUnit": "32,90€/kg",
            "local_image_path": "Bio-Produkte/Lebensmittel von Alnatura/alnatura_bio_cashews_gerstet_amp_gesalzen.jpg"
          },
          {
            "image_urls": [
              "https://www.edeka24.de/out/pictures/generated/product/1/224_224_90/sewalnusskerne_500g.jpg"
            ],
            "ItemTitle": "Seeberger Walnusskerne 500G",
            "ItemPrice": "17,99€",
            "ItemUnit": "35,98€/kg",
            "local_image_path": "Lebensmittel/Süß & Salzig/sewalnusskerne_500g.jpg"
          },
          {
            "image_urls": [
              "https://www.edeka24.de/out/pictures/generated/product/1/224_224_90/gepazartbittermildpur.jpg"
            ],
            "ItemTitle": "GEPA Bio Zartbitter Mild pur 60% Kakao 100G",
            "ItemPrice": "2,29€",
            "ItemUnit": "22,90€/kg",
            "local_image_path": "Bio-Produkte/Bio Marken/gepazartbittermildpur.jpg"
          },
          {
            "image_urls": [
              "https://www.edeka24.de/out/pictures/generated/product/1/224_224_90/lorenz_kichererbsenchips_sour_creamampamponion_85g.jpg"
            ],
            "ItemTitle": "Lorenz Kichererbsenchips Sour Cream & Onion 85G",
            "ItemPrice": "2,49€",
            "ItemUnit": "29,29€/kg",
            "local_image_path": "Lebensmittel/Süß & Salzig/lorenz_kichererbsenchips_sour_creamampamponion_85g.jpg"
          },
          {
            "image_urls": [
              "https://www.edeka24.de/out/pictures/generated/product/1/224_224_90/nimm2lachgummi_minis.jpg"
            ],
            "ItemTitle": "nimm2 Lachgummi Minis 210G",
            "ItemPrice": "1,89€",
            "ItemUnit": "9,00€/kg",
            "local_image_path": "Lebensmittel/Süß & Salzig/nimm2lachgummi_minis.jpg"
          },
          {
            "image_urls": [
              "https://www.edeka24.de/out/pictures/generated/product/1/224_224_90/semandeln_500g.jpg"
            ],
            "ItemTitle": "Seeberger Mandeln 500G",
            "ItemPrice": "11,49€",
            "ItemUnit": "22,98€/kg",
            "local_image_path": "Lebensmittel/Süß & Salzig/semandeln_500g.jpg"
          },
          {
            "image_urls": [
              "https://www.edeka24.de/out/pictures/generated/product/1/224_224_90/trolli_kiss_schaum_erdbeeren_150g.jpg"
            ],
            "ItemTitle": "Trolli Kiss Schaum Erdbeeren 150G",
            "ItemPrice": "1,19€",
            "ItemUnit": "7,93€/kg",
            "local_image_path": "Lebensmittel/Süß & Salzig/trolli_kiss_schaum_erdbeeren_150g.jpg"
          },
          {
            "image_urls": [
              "https://www.edeka24.de/out/pictures/generated/product/1/224_224_90/dr_schamp228r_butterkeks_165g.jpg"
            ],
            "ItemTitle": "Schär Butterkeks Petit Beurre 165G",
            "ItemPrice": "2,49€",
            "ItemUnit": "15,09€/kg",
            "local_image_path": "Lebensmittel/Süß & Salzig/dr_schamp228r_butterkeks_165g.jpg"
          },
          {
            "image_urls": [
              "https://www.edeka24.de/out/pictures/generated/product/1/224_224_90/cailler_cremant_zartbitter_100g.jpg"
            ],
            "ItemTitle": "Cailler Cremant 64% Zartbitter 100G",
            "ItemPrice": "2,29€",
            "ItemUnit": "22,90€/kg",
            "local_image_path": "Lebensmittel/Süß & Salzig/cailler_cremant_zartbitter_100g.jpg"
          },
          {
            "image_urls": [
              "https://www.edeka24.de/out/pictures/generated/product/1/224_224_90/rsknusper-nuss250.jpg"
            ],
            "ItemTitle": "Ritter Sport Knusper Nuss 250G",
            "ItemPrice": "3,29€",
            "ItemUnit": "13,16€/kg",
            "local_image_path": "Wein/ Spirituosen/Spirituosen/highland_park_18_jahre_single_malt_whisky.jpg"
          },
          {
            "image_urls": [
              "https://www.edeka24.de/out/pictures/generated/product/1/224_224_90/rmmarschmallows.jpg"
            ],
            "ItemTitle": "Rocky Mountains Super Barbecue Marshmallows 300G",
            "ItemSalePrice": "2,00€",
            "ItemUnit": "6,67€/kg",
            "local_image_path": "Lebensmittel/Süß & Salzig/rmmarschmallows.jpg"
          },
          {
            "image_urls": [
              "https://www.edeka24.de/out/pictures/generated/product/1/224_224_90/gepa-bio-grand-noir-edelbitter-schokolade-85-100g-fairtrade.jpg"
            ],
            "ItemTitle": "GEPA Bio Schokolade Edelbitter 85% 100G",
            "ItemPrice": "2,59€",
            "ItemUnit": "25,90€/kg",
            "local_image_path": "Bio-Produkte/Bio Marken/gepa-bio-grand-noir-edelbitter-schokolade-85-100g-fairtrade.jpg"
          },
          {
            "image_urls": [
              "https://www.edeka24.de/out/pictures/generated/product/1/224_224_90/bio_alnatura_edelbitter_schokolade_80g.jpg"
            ],
            "ItemTitle": "Alnatura Bio Edelbitter Schokolade 80G",
            "ItemPrice": "1,79€",
            "ItemUnit": "22,38€/kg",
            "local_image_path": "Bio-Produkte/Lebensmittel von Alnatura/bio_alnatura_edelbitter_schokolade_80g.jpg"
          },
          {
            "image_urls": [
              "https://www.edeka24.de/out/pictures/generated/product/1/224_224_90/ferrerorocherhaselnuss.jpg"
            ],
            "ItemTitle": "Ferrero Rocher Tafel Original 90G",
            "ItemPrice": "1,99€",
            "ItemUnit": "22,11€/kg",
            "local_image_path": "Lebensmittel/Süß & Salzig/ferrerorocherhaselnuss.jpg"
          },
          {
            "image_urls": [
              "https://www.edeka24.de/out/pictures/generated/product/1/224_224_90/kamblyprimavera.jpg"
            ],
            "ItemTitle": "Kambly Primavera 175G",
            "ItemPrice": "5,99€",
            "ItemUnit": "34,23€/kg",
            "local_image_path": "Lebensmittel/Süß & Salzig/kamblyprimavera.jpg"
          },
          {
            "image_urls": [
              "https://www.edeka24.de/out/pictures/generated/product/1/224_224_90/sarottifair_ecuador_85_100g.jpg"
            ],
            "ItemTitle": "Sarotti Fair Ecuador 85% 100G",
            "ItemPrice": "2,39€",
            "ItemUnit": "23,90€/kg",
            "local_image_path": "Lebensmittel/Süß & Salzig/sarottifair_ecuador_85_100g.jpg"
          },
          {
            "image_urls": [
              "https://www.edeka24.de/out/pictures/generated/product/1/224_224_90/hitschies_hitschies_saurer_apfel_140g.jpg"
            ],
            "ItemTitle": "Hitschies Hitschies Saurer Apfel 140G",
            "ItemPrice": "1,89€",
            "ItemUnit": "13,50€/kg",
            "local_image_path": "Lebensmittel/Süß & Salzig/hitschies_hitschies_saurer_apfel_140g.jpg"
          },
          {
            "image_urls": [
              "https://www.edeka24.de/out/pictures/generated/product/1/224_224_90/rsdunklevn.jpg"
            ],
            "ItemTitle": "Ritter Sport Nuss Klasse Dunkle Voll-Nuss 100G",
            "ItemPrice": "1,79€",
            "ItemUnit": "17,90€/kg",
            "local_image_path": "Lebensmittel/Süß & Salzig/rsdunklevn.jpg"
          },
          {
            "image_urls": [
              "https://www.edeka24.de/out/pictures/generated/product/1/224_224_90/rittersportwafer.jpg"
            ],
            "ItemTitle": "Ritter Sport Waffel 100G",
            "ItemPrice": "1,59€",
            "ItemUnit": "15,90€/kg",
            "local_image_path": "Lebensmittel/Süß & Salzig/rittersportwafer.jpg"
          },
          {
            "image_urls": [
              "https://www.edeka24.de/out/pictures/generated/product/1/224_224_90/alnatura_bio_paranuss_kerne.jpg"
            ],
            "ItemTitle": "Alnatura Bio Paranuss Kerne 200G",
            "ItemPrice": "5,29€",
            "ItemUnit": "26,45€/kg",
            "local_image_path": "Wein/ Spirituosen/Spirituosen/highland_park_18_jahre_single_malt_whisky.jpg"
          },
          {
            "image_urls": [
              "https://www.edeka24.de/out/pictures/generated/product/1/224_224_90/schogetten_vollmilch_100_g.jpg"
            ],
            "ItemTitle": "Schogetten Edel-Alpenvollmilch 100G",
            "ItemPrice": "1,39€",
            "ItemUnit": "13,90€/kg",
            "local_image_path": "Lebensmittel/Süß & Salzig/schogetten_vollmilch_100_g.jpg"
          },
          {
            "image_urls": [
              "https://www.edeka24.de/out/pictures/generated/product/1/224_224_90/manner_trtchen_mit_kakaohaselnusscreme.jpg"
            ],
            "ItemTitle": "Manner Törtchen mit Kakao-Haselnusscreme 400G",
            "ItemPrice": "3,99€",
            "ItemUnit": "9,98€/kg",
            "local_image_path": "Wein/ Spirituosen/Spirituosen/highland_park_18_jahre_single_malt_whisky.jpg"
          },
          {
            "image_urls": [
              "https://www.edeka24.de/out/pictures/generated/product/1/224_224_90/cop_coppenrath_butter_cookies_200_g.jpg"
            ],
            "ItemTitle": "Coppenrath Butter Cookies 200G",
            "ItemPrice": "2,29€",
            "ItemUnit": "11,45€/kg",
            "local_image_path": "Lebensmittel/Süß & Salzig/cop_coppenrath_butter_cookies_200_g.jpg"
          },
          {
            "image_urls": [
              "https://www.edeka24.de/out/pictures/generated/product/1/224_224_90/ltje_erdnsse_gerstet_und_gesalzen_dreierpack.jpg"
            ],
            "ItemTitle": "Ültje Erdnüsse geröstet und gesalzen 3x 50G",
            "ItemPrice": "2,49€",
            "ItemUnit": "16,60€/kg",
            "local_image_path": "Lebensmittel/Süß & Salzig/ltje_erdnsse_gerstet_und_gesalzen_dreierpack.jpg"
          },
          {
            "image_urls": [
              "https://www.edeka24.de/out/pictures/generated/product/1/224_224_90/dexenzitr.jpg"
            ],
            "ItemTitle": "Dextro Energy Zitrone 3ST 138G",
            "ItemPrice": "2,29€",
            "ItemUnit": "16,59€/kg",
            "local_image_path": "Lebensmittel/Süß & Salzig/dexenzitr.jpg"
          },
          {
            "image_urls": [
              "https://www.edeka24.de/out/pictures/generated/product/1/224_224_90/bio_alnatura_vollmilchschokolade_100g.jpg"
            ],
            "ItemTitle": "Alnatura Bio Vollmilch Schokolade 100G",
            "ItemPrice": "1,59€",
            "ItemUnit": "15,90€/kg",
            "local_image_path": "Lebensmittel/Süß & Salzig/bio_alnatura_vollmilchschokolade_100g.jpg"
          },
          {
            "image_urls": [
              "https://www.edeka24.de/out/pictures/generated/product/1/224_224_90/bio_alnatura_sesamkrokantriegel_4st_108g.jpg"
            ],
            "ItemTitle": "Alnatura Bio Sesam-Krokant-Riegel 4ST 108G",
            "ItemPrice": "2,39€",
            "ItemUnit": "22,13€/kg",
            "local_image_path": "Bio-Produkte/Lebensmittel von Alnatura/bio_alnatura_sesamkrokantriegel_4st_108g.jpg"
          },
          {
            "image_urls": [
              "https://www.edeka24.de/out/pictures/generated/product/1/224_224_90/katjesglcksgeflle.jpg"
            ],
            "ItemTitle": "Katjes Glücksgefühle 200G",
            "ItemPrice": "1,19€",
            "ItemUnit": "5,95€/kg",
            "local_image_path": "Lebensmittel/Süß & Salzig/katjesglcksgeflle.jpg"
          },
          {
            "image_urls": [
              "https://www.edeka24.de/out/pictures/generated/product/1/224_224_90/merci_petits_edelvollmilch_125g.jpg"
            ],
            "ItemTitle": "Merci Petits Edel-Vollmilch 125g",
            "ItemPrice": "2,29€",
            "ItemUnit": "18,32€/kg",
            "local_image_path": "Lebensmittel/Süß & Salzig/merci_petits_edelvollmilch_125g.jpg"
          },
          {
            "image_urls": [
              "https://www.edeka24.de/out/pictures/generated/product/1/224_224_90/de_beukelaer_premium_eiswaffeln_20st_50g.jpg"
            ],
            "ItemTitle": "De Beukelaer Decor On Ice Eiswaffeln 20ST 50G",
            "ItemPrice": "1,49€",
            "ItemUnit": "29,80€/kg",
            "local_image_path": "Lebensmittel/Süß & Salzig/de_beukelaer_premium_eiswaffeln_20st_50g.jpg"
          },
          {
            "image_urls": [
              "https://www.edeka24.de/out/pictures/generated/product/1/224_224_90/alnatura_bio_cashews_gerstet_amp_gesalzen.jpg"
            ],
            "ItemTitle": "Alnatura Bio Cashews geröstet & gesalzen 100G",
            "ItemPrice": "3,29€",
            "ItemUnit": "32,90€/kg",
            "local_image_path": "Bio-Produkte/Lebensmittel von Alnatura/alnatura_bio_cashews_gerstet_amp_gesalzen.jpg"
          },
          {
            "image_urls": [
              "https://www.edeka24.de/out/pictures/generated/product/1/224_224_90/sewalnusskerne_500g.jpg"
            ],
            "ItemTitle": "Seeberger Walnusskerne 500G",
            "ItemPrice": "17,99€",
            "ItemUnit": "35,98€/kg",
            "local_image_path": "Lebensmittel/Süß & Salzig/sewalnusskerne_500g.jpg"
          },
          {
            "image_urls": [
              "https://www.edeka24.de/out/pictures/generated/product/1/224_224_90/gepazartbittermildpur.jpg"
            ],
            "ItemTitle": "GEPA Bio Zartbitter Mild pur 60% Kakao 100G",
            "ItemPrice": "2,29€",
            "ItemUnit": "22,90€/kg",
            "local_image_path": "Bio-Produkte/Bio Marken/gepazartbittermildpur.jpg"
          },
          {
            "image_urls": [
              "https://www.edeka24.de/out/pictures/generated/product/1/224_224_90/lorenz_kichererbsenchips_sour_creamampamponion_85g.jpg"
            ],
            "ItemTitle": "Lorenz Kichererbsenchips Sour Cream & Onion 85G",
            "ItemPrice": "2,49€",
            "ItemUnit": "29,29€/kg",
            "local_image_path": "Lebensmittel/Süß & Salzig/lorenz_kichererbsenchips_sour_creamampamponion_85g.jpg"
          },
          {
            "image_urls": [
              "https://www.edeka24.de/out/pictures/generated/product/1/224_224_90/nimm2lachgummi_minis.jpg"
            ],
            "ItemTitle": "nimm2 Lachgummi Minis 210G",
            "ItemPrice": "1,89€",
            "ItemUnit": "9,00€/kg",
            "local_image_path": "Lebensmittel/Süß & Salzig/nimm2lachgummi_minis.jpg"
          },
          {
            "image_urls": [
              "https://www.edeka24.de/out/pictures/generated/product/1/224_224_90/semandeln_500g.jpg"
            ],
            "ItemTitle": "Seeberger Mandeln 500G",
            "ItemPrice": "11,49€",
            "ItemUnit": "22,98€/kg",
            "local_image_path": "Lebensmittel/Süß & Salzig/semandeln_500g.jpg"
          },
          {
            "image_urls": [
              "https://www.edeka24.de/out/pictures/generated/product/1/224_224_90/trolli_kiss_schaum_erdbeeren_150g.jpg"
            ],
            "ItemTitle": "Trolli Kiss Schaum Erdbeeren 150G",
            "ItemPrice": "1,19€",
            "ItemUnit": "7,93€/kg",
            "local_image_path": "Lebensmittel/Süß & Salzig/trolli_kiss_schaum_erdbeeren_150g.jpg"
          },
          {
            "image_urls": [
              "https://www.edeka24.de/out/pictures/generated/product/1/224_224_90/dr_schamp228r_butterkeks_165g.jpg"
            ],
            "ItemTitle": "Schär Butterkeks Petit Beurre 165G",
            "ItemPrice": "2,49€",
            "ItemUnit": "15,09€/kg",
            "local_image_path": "Lebensmittel/Süß & Salzig/dr_schamp228r_butterkeks_165g.jpg"
          },
          {
            "image_urls": [
              "https://www.edeka24.de/out/pictures/generated/product/1/224_224_90/cailler_cremant_zartbitter_100g.jpg"
            ],
            "ItemTitle": "Cailler Cremant 64% Zartbitter 100G",
            "ItemPrice": "2,29€",
            "ItemUnit": "22,90€/kg",
            "local_image_path": "Lebensmittel/Süß & Salzig/cailler_cremant_zartbitter_100g.jpg"
          },
          {
            "image_urls": [
              "https://www.edeka24.de/out/pictures/generated/product/1/224_224_90/rsknusper-nuss250.jpg"
            ],
            "ItemTitle": "Ritter Sport Knusper Nuss 250G",
            "ItemPrice": "3,29€",
            "ItemUnit": "13,16€/kg",
            "local_image_path": "Wein/ Spirituosen/Spirituosen/highland_park_18_jahre_single_malt_whisky.jpg"
          },
          {
            "image_urls": [
              "https://www.edeka24.de/out/pictures/generated/product/1/224_224_90/rmmarschmallows.jpg"
            ],
            "ItemTitle": "Rocky Mountains Super Barbecue Marshmallows 300G",
            "ItemSalePrice": "2,00€",
            "ItemUnit": "6,67€/kg",
            "local_image_path": "Lebensmittel/Süß & Salzig/rmmarschmallows.jpg"
          },
          {
            "image_urls": [
              "https://www.edeka24.de/out/pictures/generated/product/1/224_224_90/gepa-bio-grand-noir-edelbitter-schokolade-85-100g-fairtrade.jpg"
            ],
            "ItemTitle": "GEPA Bio Schokolade Edelbitter 85% 100G",
            "ItemPrice": "2,59€",
            "ItemUnit": "25,90€/kg",
            "local_image_path": "Bio-Produkte/Bio Marken/gepa-bio-grand-noir-edelbitter-schokolade-85-100g-fairtrade.jpg"
          },
          {
            "image_urls": [
              "https://www.edeka24.de/out/pictures/generated/product/1/224_224_90/bio_alnatura_edelbitter_schokolade_80g.jpg"
            ],
            "ItemTitle": "Alnatura Bio Edelbitter Schokolade 80G",
            "ItemPrice": "1,79€",
            "ItemUnit": "22,38€/kg",
            "local_image_path": "Bio-Produkte/Lebensmittel von Alnatura/bio_alnatura_edelbitter_schokolade_80g.jpg"
          },
          {
            "image_urls": [
              "https://www.edeka24.de/out/pictures/generated/product/1/224_224_90/ferrerorocherhaselnuss.jpg"
            ],
            "ItemTitle": "Ferrero Rocher Tafel Original 90G",
            "ItemPrice": "1,99€",
            "ItemUnit": "22,11€/kg",
            "local_image_path": "Lebensmittel/Süß & Salzig/ferrerorocherhaselnuss.jpg"
          },
          {
            "image_urls": [
              "https://www.edeka24.de/out/pictures/generated/product/1/224_224_90/kamblyprimavera.jpg"
            ],
            "ItemTitle": "Kambly Primavera 175G",
            "ItemPrice": "5,99€",
            "ItemUnit": "34,23€/kg",
            "local_image_path": "Lebensmittel/Süß & Salzig/kamblyprimavera.jpg"
          },
          {
            "image_urls": [
              "https://www.edeka24.de/out/pictures/generated/product/1/224_224_90/sarottifair_ecuador_85_100g.jpg"
            ],
            "ItemTitle": "Sarotti Fair Ecuador 85% 100G",
            "ItemPrice": "2,39€",
            "ItemUnit": "23,90€/kg",
            "local_image_path": "Lebensmittel/Süß & Salzig/sarottifair_ecuador_85_100g.jpg"
          },
          {
            "image_urls": [
              "https://www.edeka24.de/out/pictures/generated/product/1/224_224_90/hitschies_hitschies_saurer_apfel_140g.jpg"
            ],
            "ItemTitle": "Hitschies Hitschies Saurer Apfel 140G",
            "ItemPrice": "1,89€",
            "ItemUnit": "13,50€/kg",
            "local_image_path": "Lebensmittel/Süß & Salzig/hitschies_hitschies_saurer_apfel_140g.jpg"
          },
          {
            "image_urls": [
              "https://www.edeka24.de/out/pictures/generated/product/1/224_224_90/rsdunklevn.jpg"
            ],
            "ItemTitle": "Ritter Sport Nuss Klasse Dunkle Voll-Nuss 100G",
            "ItemPrice": "1,79€",
            "ItemUnit": "17,90€/kg",
            "local_image_path": "Lebensmittel/Süß & Salzig/rsdunklevn.jpg"
          },
          {
            "image_urls": [
              "https://www.edeka24.de/out/pictures/generated/product/1/224_224_90/rittersportwafer.jpg"
            ],
            "ItemTitle": "Ritter Sport Waffel 100G",
            "ItemPrice": "1,59€",
            "ItemUnit": "15,90€/kg",
            "local_image_path": "Lebensmittel/Süß & Salzig/rittersportwafer.jpg"
          },
          {
            "image_urls": [
              "https://www.edeka24.de/out/pictures/generated/product/1/224_224_90/alnatura_bio_paranuss_kerne.jpg"
            ],
            "ItemTitle": "Alnatura Bio Paranuss Kerne 200G",
            "ItemPrice": "5,29€",
            "ItemUnit": "26,45€/kg",
            "local_image_path": "Wein/ Spirituosen/Spirituosen/highland_park_18_jahre_single_malt_whisky.jpg"
          },
          {
            "image_urls": [
              "https://www.edeka24.de/out/pictures/generated/product/1/224_224_90/schogetten_vollmilch_100_g.jpg"
            ],
            "ItemTitle": "Schogetten Edel-Alpenvollmilch 100G",
            "ItemPrice": "1,39€",
            "ItemUnit": "13,90€/kg",
            "local_image_path": "Lebensmittel/Süß & Salzig/schogetten_vollmilch_100_g.jpg"
          },
          {
            "image_urls": [
              "https://www.edeka24.de/out/pictures/generated/product/1/224_224_90/manner_trtchen_mit_kakaohaselnusscreme.jpg"
            ],
            "ItemTitle": "Manner Törtchen mit Kakao-Haselnusscreme 400G",
            "ItemPrice": "3,99€",
            "ItemUnit": "9,98€/kg",
            "local_image_path": "Wein/ Spirituosen/Spirituosen/highland_park_18_jahre_single_malt_whisky.jpg"
          },
          {
            "image_urls": [
              "https://www.edeka24.de/out/pictures/generated/product/1/224_224_90/cop_coppenrath_butter_cookies_200_g.jpg"
            ],
            "ItemTitle": "Coppenrath Butter Cookies 200G",
            "ItemPrice": "2,29€",
            "ItemUnit": "11,45€/kg",
            "local_image_path": "Lebensmittel/Süß & Salzig/cop_coppenrath_butter_cookies_200_g.jpg"
          },
          {
            "image_urls": [
              "https://www.edeka24.de/out/pictures/generated/product/1/224_224_90/ltje_erdnsse_gerstet_und_gesalzen_dreierpack.jpg"
            ],
            "ItemTitle": "Ültje Erdnüsse geröstet und gesalzen 3x 50G",
            "ItemPrice": "2,49€",
            "ItemUnit": "16,60€/kg",
            "local_image_path": "Lebensmittel/Süß & Salzig/ltje_erdnsse_gerstet_und_gesalzen_dreierpack.jpg"
          },
          {
            "image_urls": [
              "https://www.edeka24.de/out/pictures/generated/product/1/224_224_90/dexenzitr.jpg"
            ],
            "ItemTitle": "Dextro Energy Zitrone 3ST 138G",
            "ItemPrice": "2,29€",
            "ItemUnit": "16,59€/kg",
            "local_image_path": "Lebensmittel/Süß & Salzig/dexenzitr.jpg"
          },
          {
            "image_urls": [
              "https://www.edeka24.de/out/pictures/generated/product/1/224_224_90/ritter_sport_knusperflakes_tafel_250g.jpg"
            ],
            "ItemTitle": "Ritter Sport Knusperflakes 250G",
            "ItemPrice": "3,29€",
            "ItemUnit": "13,16€/kg",
            "local_image_path": "Wein/ Spirituosen/Spirituosen/highland_park_18_jahre_single_malt_whisky.jpg"
          },
          {
            "image_urls": [
              "https://www.edeka24.de/out/pictures/generated/product/1/224_224_90/merci_together_175g.jpg"
            ],
            "ItemTitle": "Merci Together 175G",
            "ItemPrice": "2,59€",
            "ItemUnit": "14,80€/kg",
            "local_image_path": "Wein/ Spirituosen/Spirituosen/highland_park_18_jahre_single_malt_whisky.jpg"
          },
          {
            "image_urls": [
              "https://www.edeka24.de/out/pictures/generated/product/1/224_224_90/bio_edeka_aprikosen_200g.jpg"
            ],
            "ItemTitle": "EDEKA Bio Aprikosen 200G",
            "ItemPrice": "3,59€",
            "ItemUnit": "17,95€/kg",
            "local_image_path": "Bio-Produkte/Bio Marken/bio_edeka_aprikosen_200g.jpg"
          },
          {
            "image_urls": [
              "https://www.edeka24.de/out/pictures/generated/product/1/224_224_90/reese039serdnussbutter_snack_77g.jpg"
            ],
            "ItemTitle": "Reese's Erdnussbutter Snack 77G",
            "ItemPrice": "2,19€",
            "ItemUnit": "28,44€/kg",
            "local_image_path": "Wein/ Spirituosen/Spirituosen/highland_park_18_jahre_single_malt_whisky.jpg"
          },
          {
            "image_urls": [
              "https://www.edeka24.de/out/pictures/generated/product/1/224_224_90/edeka_salzmandeln_gesalzen(1).jpg"
            ],
            "ItemTitle": "EDEKA Salzmandeln gesalzen 125G",
            "ItemPrice": "2,19€",
            "ItemUnit": "17,52€/kg",
            "local_image_path": "Wein/ Spirituosen/Spirituosen/highland_park_18_jahre_single_malt_whisky.jpg"
          },
          {
            "image_urls": [
              "https://www.edeka24.de/out/pictures/generated/product/1/224_224_90/bahlsenperpetum.jpg"
            ],
            "ItemTitle": "Bahlsen Perpetum edelherb 97G",
            "ItemPrice": "2,59€",
            "ItemUnit": "26,70€/kg",
            "local_image_path": "Wein/ Spirituosen/Spirituosen/highland_park_18_jahre_single_malt_whisky.jpg"
          },
          {
            "image_urls": [
              "https://www.edeka24.de/out/pictures/generated/product/1/224_224_90/schamp228r_digestive_choc_glutenfrei_150g.jpg"
            ],
            "ItemTitle": "Schär Digestive Choc 150G",
            "ItemPrice": "2,99€",
            "ItemUnit": "19,93€/kg",
            "local_image_path": "Wein/ Spirituosen/Spirituosen/highland_park_18_jahre_single_malt_whisky.jpg"
          },
          {
            "image_urls": [
              "https://www.edeka24.de/out/pictures/generated/product/1/224_224_90/edeka_nussnougat_schnittfeste_masse.jpg"
            ],
            "ItemTitle": "EDEKA Nussnougat schnittfeste Masse 200G",
            "ItemPrice": "2,79€",
            "ItemUnit": "13,95€/kg",
            "local_image_path": "Lebensmittel/Backen & Desserts/edeka_nussnougat_schnittfeste_masse.jpg"
          },
          {
            "image_urls": [
              "https://www.edeka24.de/out/pictures/generated/product/1/224_224_90/unverpacktmandeln.jpg"
            ],
            "ItemTitle": "Unverpackt Bio Mandeln 290G",
            "ItemSalePrice": "7,49€",
            "ItemUnit": "25,83€/kgzzgl.0,15€Pfand",
            "local_image_path": "Bio-Produkte/Bio Marken/unverpacktmandeln.jpg"
          },
          {
            "image_urls": [
              "https://www.edeka24.de/out/pictures/generated/product/1/224_224_90/merci_vielfalt_mousse_au_chocolat_210g.jpg"
            ],
            "ItemTitle": "Merci Finest Selection Mousse au Chocolat Vielfalt 210G",
            "ItemPrice": "3,49€",
            "ItemUnit": "16,62€/kg",
            "local_image_path": "Lebensmittel/Süß & Salzig/merci_vielfalt_mousse_au_chocolat_210g.jpg"
          },
          {
            "image_urls": [
              "https://www.edeka24.de/out/pictures/generated/product/1/224_224_90/ragusa_blond_caramelise_mit_ganzen_haselnamp252ssen_100g.jpg"
            ],
            "ItemTitle": "Ragusa Blond Caramélisé 100G",
            "ItemPrice": "3,29€",
            "ItemUnit": "32,90€/kg",
            "local_image_path": "Lebensmittel/Süß & Salzig/ragusa_blond_caramelise_mit_ganzen_haselnamp252ssen_100g.jpg"
          },
          {
            "image_urls": [
              "https://www.edeka24.de/out/pictures/generated/product/1/224_224_90/bio_alnatura_mamp252sliriegel_schoko_150g.jpg"
            ],
            "ItemTitle": "Alnatura Bio Müsli-Riegel Schoko 6ST 150G",
            "ItemPrice": "2,49€",
            "ItemUnit": "16,60€/kg",
            "local_image_path": "Lebensmittel/Süß & Salzig/bio_alnatura_mamp252sliriegel_schoko_150g.jpg"
          },
          {
            "image_urls": [
              "https://www.edeka24.de/out/pictures/generated/product/1/224_224_90/bio_alnagojibeeren_100g.jpg"
            ],
            "ItemTitle": "Alnatura Bio Goji Beeren 100G",
            "ItemPrice": "4,29€",
            "ItemUnit": "42,90€/kg",
            "local_image_path": "Bio-Produkte/Lebensmittel von Alnatura/bio_alnagojibeeren_100g.jpg"
          },
          {
            "image_urls": [
              "https://www.edeka24.de/out/pictures/generated/product/1/224_224_90/mmcookies.jpg"
            ],
            "ItemTitle": "M&M's Chocolate Cookies 180G",
            "ItemPrice": "3,49€",
            "ItemUnit": "19,39€/kg",
            "local_image_path": "Lebensmittel/Süß & Salzig/mmcookies.jpg"
          },
          {
            "image_urls": [
              "https://www.edeka24.de/out/pictures/generated/product/1/224_224_90/kgiclassicmini.jpg"
            ],
            "ItemTitle": "Kägi Classic Minis 125G",
            "ItemPrice": "3,49€",
            "ItemUnit": "27,92€/kg",
            "local_image_path": "Lebensmittel/Süß & Salzig/kgiclassicmini.jpg"
          },
          {
            "image_urls": [
              "https://www.edeka24.de/out/pictures/generated/product/1/224_224_90/alnatura_bio_cranberrys_100_g.jpg"
            ],
            "ItemTitle": "Alnatura Bio Cranberrys 100G",
            "ItemPrice": "2,59€",
            "ItemUnit": "25,90€/kg",
            "local_image_path": "Lebensmittel/Süß & Salzig/alnatura_bio_cranberrys_100_g.jpg"
          },
          {
            "image_urls": [
              "https://www.edeka24.de/out/pictures/generated/product/1/224_224_90/debeukelaerchocoll.jpg"
            ],
            "ItemTitle": "De Beukelaer ChocOlé Milchschokolade 75G",
            "ItemPrice": "1,89€",
            "ItemUnit": "25,20€/kg",
            "local_image_path": "Lebensmittel/Süß & Salzig/debeukelaerchocoll.jpg"
          },
          {
            "image_urls": [
              "https://www.edeka24.de/out/pictures/generated/product/1/224_224_90/pickupdark.jpg"
            ],
            "ItemTitle": "Bahlsen Pick Up Dark 5ST 140G",
            "ItemPrice": "2,49€",
            "ItemUnit": "17,79€/kg",
            "local_image_path": "Lebensmittel/Süß & Salzig/pickupdark.jpg"
          },
          {
            "image_urls": [
              "https://www.edeka24.de/out/pictures/generated/product/1/224_224_90/vehappy_vegane_tafel_brown_80g.jpg"
            ],
            "ItemTitle": "vehappy vegane Tafel Brown 80G",
            "ItemPrice": "1,89€",
            "ItemUnit": "23,63€/kg",
            "local_image_path": "Lebensmittel/Süß & Salzig/vehappy_vegane_tafel_brown_80g.jpg"
          },
          {
            "image_urls": [
              "https://www.edeka24.de/out/pictures/generated/product/1/224_224_90/sarottifair_ecuador_70_100g.jpg"
            ],
            "ItemTitle": "Sarotti Fair Ecuador 70% 100G",
            "ItemPrice": "2,39€",
            "ItemUnit": "23,90€/kg",
            "local_image_path": "Lebensmittel/Süß & Salzig/sarottifair_ecuador_70_100g.jpg"
          },
          {
            "image_urls": [
              "https://www.edeka24.de/out/pictures/generated/product/1/224_224_90/after_eight_mint_chocolate_thins.jpg"
            ],
            "ItemTitle": "After Eight Mint chocolate Thins 400G",
            "ItemPrice": "4,99€",
            "ItemUnit": "12,48€/kg",
            "local_image_path": "Lebensmittel/Süß & Salzig/after_eight_mint_chocolate_thins.jpg"
          },
          {
            "image_urls": [
              "https://www.edeka24.de/out/pictures/generated/product/1/224_224_90/dextro_energy_classic.jpg"
            ],
            "ItemTitle": "Dextro Energy Classic 46G",
            "ItemPrice": "0,99€",
            "ItemUnit": "21,52€/kg",
            "local_image_path": "Lebensmittel/Süß & Salzig/dextro_energy_classic.jpg"
          },
          {
            "image_urls": [
              "https://www.edeka24.de/out/pictures/generated/product/1/224_224_90/baileys_mini_delights(1).jpg"
            ],
            "ItemTitle": "Baileys Chocolate Mini Delights 102G",
            "ItemPrice": "2,99€",
            "ItemUnit": "29,31€/kg",
            "local_image_path": "Lebensmittel/Süß & Salzig/baileys_mini_delights(1).jpg"
          },
          {
            "image_urls": [
              "https://www.edeka24.de/out/pictures/generated/product/1/224_224_90/coppenrath_choko_cookies_200_g_packung.jpg"
            ],
            "ItemTitle": "Coppenrath Choco Cookies 200G",
            "ItemPrice": "2,29€",
            "ItemUnit": "11,45€/kg",
            "local_image_path": "Lebensmittel/Süß & Salzig/coppenrath_choko_cookies_200_g_packung.jpg"
          },
          {
            "image_urls": [
              "https://www.edeka24.de/out/pictures/generated/product/1/224_224_90/merci-herbe-vielfalt_250_pack.jpg"
            ],
            "ItemTitle": "Merci Finest Selection Herbe Vielfalt 250G",
            "ItemPrice": "3,49€",
            "ItemUnit": "13,96€/kg",
            "local_image_path": "Lebensmittel/Süß & Salzig/merci-herbe-vielfalt_250_pack.jpg"
          },
          {
            "image_urls": [
              "https://www.edeka24.de/out/pictures/generated/product/1/224_224_90/mentos_rainbow.jpg"
            ],
            "ItemTitle": "Mentos Rainbow 3ST 112,5G",
            "ItemPrice": "1,99€",
            "ItemUnit": "17,69€/kg",
            "local_image_path": "Lebensmittel/Süß & Salzig/mentos_rainbow.jpg"
          },
          {
            "image_urls": [
              "https://www.edeka24.de/out/pictures/generated/product/1/224_224_90/unverpacktfeigen.jpg"
            ],
            "ItemTitle": "Unverpackt Bio Feigen 300G",
            "ItemSalePrice": "4,49€",
            "ItemUnit": "14,97€/kgzzgl.0,15€Pfand",
            "local_image_path": "Bio-Produkte/Bio Marken/unverpacktfeigen.jpg"
          },
          {
            "image_urls": [
              "https://www.edeka24.de/out/pictures/generated/product/1/224_224_90/sommerbrotchips.jpg"
            ],
            "ItemTitle": "Sommer Demeter Brot Chips Paprika&Chili 100G",
            "ItemPrice": "2,49€",
            "ItemUnit": "24,90€/kg",
            "local_image_path": "Lebensmittel/Süß & Salzig/sommerbrotchips.jpg"
          },
          {
            "image_urls": [
              "https://www.edeka24.de/out/pictures/generated/product/1/224_224_90/unverpacktwalnsse.jpg"
            ],
            "ItemTitle": "Unverpackt Bio Walnüsse 200G",
            "ItemPrice": "5,79€",
            "ItemUnit": "28,95€/kgzzgl.0,15€Pfand",
            "local_image_path": "Bio-Produkte/Bio Marken/unverpacktwalnsse.jpg"
          },
          {
            "image_urls": [
              "https://www.edeka24.de/out/pictures/generated/product/1/224_224_90/ritter_sport_olympia_250g.jpg"
            ],
            "ItemTitle": "Ritter Sport Olympia 250G",
            "ItemPrice": "3,29€",
            "ItemUnit": "13,16€/kg",
            "local_image_path": "Lebensmittel/Süß & Salzig/ritter_sport_olympia_250g.jpg"
          },
          {
            "image_urls": [
              "https://www.edeka24.de/out/pictures/generated/product/1/224_224_90/seeberger_haselnusskerne_125g.jpg"
            ],
            "ItemTitle": "Seeberger Haselnusskerne 125G",
            "ItemPrice": "3,79€",
            "ItemUnit": "30,32€/kg",
            "local_image_path": "Lebensmittel/Süß & Salzig/seeberger_haselnusskerne_125g.jpg"
          },
          {
            "image_urls": [
              "https://www.edeka24.de/out/pictures/generated/product/1/224_224_90/unverpacktdatteln.jpg"
            ],
            "ItemTitle": "Unverpackt Bio Datteln ohne Stein 330G",
            "ItemPrice": "5,29€",
            "ItemUnit": "16,03€/kgzzgl.0,15€Pfand",
            "local_image_path": "Bio-Produkte/Bio Marken/unverpacktdatteln.jpg"
          },
          {
            "image_urls": [
              "https://www.edeka24.de/out/pictures/generated/product/1/224_224_90/emeukmanu.jpg"
            ],
            "ItemTitle": "Em-eukal Immunstark Manuka-Honig  75G",
            "ItemPrice": "3,49€",
            "ItemUnit": "46,53€/kg",
            "local_image_path": "Lebensmittel/Süß & Salzig/emeukmanu.jpg"
          },
          {
            "image_urls": [
              "https://www.edeka24.de/out/pictures/generated/product/1/224_224_90/rsswschokogruss.jpg"
            ],
            "ItemTitle": "Ritter Sport Schokowürfel Schoko Gruss 176G",
            "ItemPrice": "3,49€",
            "ItemUnit": "19,83€/kg",
            "local_image_path": "Lebensmittel/Süß & Salzig/rsswschokogruss.jpg"
          },
          {
            "image_urls": [
              "https://www.edeka24.de/out/pictures/generated/product/1/224_224_90/loackerquadvani.jpg"
            ],
            "ItemTitle": "Loacker Quadratini Vanilla 125G",
            "ItemPrice": "2,99€",
            "ItemUnit": "23,92€/kg",
            "local_image_path": "Lebensmittel/Süß & Salzig/loackerquadvani.jpg"
          },
          {
            "image_urls": [
              "https://www.edeka24.de/out/pictures/generated/product/1/224_224_90/de_beukelaer_cereola_chocampampberry_147g.jpg"
            ],
            "ItemTitle": "De Beukelaer Cereola Choc & Berry 147G",
            "ItemPrice": "2,19€",
            "ItemUnit": "14,90€/kg",
            "local_image_path": "Wein/ Spirituosen/Spirituosen/highland_park_18_jahre_single_malt_whisky.jpg"
          },
          {
            "image_urls": [
              "https://www.edeka24.de/out/pictures/generated/product/1/224_224_90/ragusa_noir_mit_pralinefamp252llungampampganzen_haselnamp252ssen_100g.jpg"
            ],
            "ItemTitle": "Ragusa Noir 100G",
            "ItemPrice": "3,29€",
            "ItemUnit": "32,90€/kg",
            "local_image_path": "Wein/ Spirituosen/Spirituosen/highland_park_18_jahre_single_malt_whisky.jpg"
          },
          {
            "image_urls": [
              "https://www.edeka24.de/out/pictures/generated/product/1/224_224_90/kamblybretzeli.jpg"
            ],
            "ItemTitle": "Kambly Bretzeli 98G",
            "ItemPrice": "3,79€",
            "ItemUnit": "38,67€/kg",
            "local_image_path": "Wein/ Spirituosen/Spirituosen/highland_park_18_jahre_single_malt_whisky.jpg"
          },
          {
            "image_urls": [
              "https://www.edeka24.de/out/pictures/generated/product/1/224_224_90/ragusa_classique_mit_pralinefamp252llungampampganzen_haselnamp252ssen_100g.jpg"
            ],
            "ItemTitle": "Ragusa Classique 100G",
            "ItemPrice": "3,29€",
            "ItemUnit": "32,90€/kg",
            "local_image_path": "Wein/ Spirituosen/Spirituosen/highland_park_18_jahre_single_malt_whisky.jpg"
          },
          {
            "image_urls": [
              "https://www.edeka24.de/out/pictures/generated/product/1/224_224_90/unverpackthaselnsse.jpg"
            ],
            "ItemTitle": "Unverpackt Bio Haselnusskerne 290G",
            "ItemPrice": "7,29€",
            "ItemUnit": "25,14€/kgzzgl.0,15€Pfand",
            "local_image_path": "Bio-Produkte/Bio Marken/unverpackthaselnsse.jpg"
          },
          {
            "image_urls": [
              "https://www.edeka24.de/out/pictures/generated/product/1/224_224_90/seeberger_milde_pinienkerne_150g.jpg"
            ],
            "ItemTitle": "Seeberger Milde Pinienkerne 150G",
            "ItemPrice": "13,99€",
            "ItemUnit": "93,27€/kg",
            "local_image_path": "Jetzt wird gerettet!/default_subcategory/seeberger_milde_pinienkerne_150g.jpg"
          },
          {
            "image_urls": [
              "https://www.edeka24.de/out/pictures/generated/product/1/224_224_90/sommer-cantuccini.jpg"
            ],
            "ItemTitle": "Sommer Demeter Dinkel Cantuccini 150G",
            "ItemPrice": "3,49€",
            "ItemUnit": "23,27€/kg",
            "local_image_path": "Wein/ Spirituosen/Spirituosen/highland_park_18_jahre_single_malt_whisky.jpg"
          },
          {
            "image_urls": [
              "https://www.edeka24.de/out/pictures/generated/product/1/224_224_90/bio_alnatura_feigen_400g.jpg"
            ],
            "ItemTitle": "Alnatura Bio Feigen 400G",
            "ItemPrice": "7,49€",
            "ItemUnit": "18,73€/kg",
            "local_image_path": "Bio-Produkte/Lebensmittel von Alnatura/bio_alnatura_feigen_400g.jpg"
          },
          {
            "image_urls": [
              "https://www.edeka24.de/out/pictures/generated/product/1/224_224_90/seeberger_delikatessfeigen_500_g.jpg"
            ],
            "ItemTitle": "Seeberger Delikatess-Feigen 500G",
            "ItemPrice": "9,99€",
            "ItemUnit": "19,98€/kg",
            "local_image_path": "Wein/ Spirituosen/Spirituosen/highland_park_18_jahre_single_malt_whisky.jpg"
          },
          {
            "image_urls": [
              "https://www.edeka24.de/out/pictures/generated/product/1/224_224_90/bio_heimatgut_salsa_dip_mild_mexican_260g.jpg"
            ],
            "ItemTitle": "Heimatgut Bio Salsa Dip Mild Mexican 260G",
            "ItemPrice": "2,79€",
            "ItemUnit": "10,73€/kg",
            "local_image_path": "Wein/ Spirituosen/Spirituosen/highland_park_18_jahre_single_malt_whisky.jpg"
          },
          {
            "image_urls": [
              "https://www.edeka24.de/out/pictures/generated/product/1/224_224_90/veganzhaselnuss-krokant.jpg"
            ],
            "ItemTitle": "Veganz Bio Rice Choc Haselnuss-Krokant 80G",
            "ItemPrice": "2,29€",
            "ItemUnit": "28,63€/kg",
            "local_image_path": "Bio-Produkte/Bio Marken/veganzhaselnuss-krokant.jpg"
          },
          {
            "image_urls": [
              "https://www.edeka24.de/out/pictures/generated/product/1/224_224_90/torino_lait_schweizer_milchschokolade_mit_haselnussmandelcremefamp252llung_100g.jpg"
            ],
            "ItemTitle": "Camille Bloch Lait Torino 100G",
            "ItemPrice": "2,99€",
            "ItemUnit": "29,90€/kg",
            "local_image_path": "Wein/ Spirituosen/Spirituosen/highland_park_18_jahre_single_malt_whisky.jpg"
          },
          {
            "image_urls": [
              "https://www.edeka24.de/out/pictures/generated/product/1/224_224_90/seeberger_macadamias_gerstet_amp_gesalzen_125_g.jpg"
            ],
            "ItemTitle": "Seeberger Macadamias geröstet & gesalzen 125G",
            "ItemPrice": "7,49€",
            "ItemUnit": "59,92€/kg",
            "local_image_path": "Wein/ Spirituosen/Spirituosen/highland_park_18_jahre_single_malt_whisky.jpg"
          },
          {
            "image_urls": [
              "https://www.edeka24.de/out/pictures/generated/product/1/224_224_90/loackerquadnapo.jpg"
            ],
            "ItemTitle": "Loacker Quadratini Napolitaner 125G",
            "ItemPrice": "2,99€",
            "ItemUnit": "23,92€/kg",
            "local_image_path": "Lebensmittel/Süß & Salzig/loackerquadnapo.jpg"
          },
          {
            "image_urls": [
              "https://www.edeka24.de/out/pictures/generated/product/1/224_224_90/loackerclassic.jpg"
            ],
            "ItemTitle": "Loacker Classic Napolitaner 90g",
            "ItemPrice": "1,69€",
            "ItemUnit": "18,78€/kg",
            "local_image_path": "Wein/ Spirituosen/Spirituosen/highland_park_18_jahre_single_malt_whisky.jpg"
          },
          {
            "image_urls": [
              "https://www.edeka24.de/out/pictures/generated/product/1/224_224_90/schamp228r_choco_chip_cookie_200g.jpg"
            ],
            "ItemTitle": "Schär Choco Chip Cookie glutenfrei 200G",
            "ItemPrice": "3,29€",
            "ItemUnit": "16,45€/kg",
            "local_image_path": "Wein/ Spirituosen/Spirituosen/highland_park_18_jahre_single_malt_whisky.jpg"
          },
          {
            "image_urls": [
              "https://www.edeka24.de/out/pictures/generated/product/1/224_224_90/alnatura_bio_cashew_cranberry_mix.jpg"
            ],
            "ItemTitle": "Alnatura Bio Cashew Cranberry Mix 150G",
            "ItemPrice": "3,89€",
            "ItemUnit": "25,93€/kg",
            "local_image_path": "Wein/ Spirituosen/Spirituosen/highland_park_18_jahre_single_malt_whisky.jpg"
          },
          {
            "image_urls": [
              "https://www.edeka24.de/out/pictures/generated/product/1/224_224_90/ltje_cashews_gerstet_amp_gesalzen.jpg"
            ],
            "ItemTitle": "Ültje Cashews geröstet & gesalzen 150G",
            "ItemPrice": "4,29€",
            "ItemUnit": "28,60€/kg",
            "local_image_path": "Wein/ Spirituosen/Spirituosen/highland_park_18_jahre_single_malt_whisky.jpg"
          },
          {
            "image_urls": [
              "https://www.edeka24.de/out/pictures/generated/product/1/224_224_90/loackerquaddark.jpg"
            ],
            "ItemTitle": "Loacker Quadratini Dark Chocolate 125G",
            "ItemPrice": "2,69€",
            "ItemUnit": "21,52€/kg",
            "local_image_path": "Wein/ Spirituosen/Spirituosen/highland_park_18_jahre_single_malt_whisky.jpg"
          },
          {
            "image_urls": [
              "https://www.edeka24.de/out/pictures/generated/product/1/224_224_90/sarottifair_ecuador_60_100g.jpg"
            ],
            "ItemTitle": "Sarotti Fair Ecuador 60% 100G",
            "ItemPrice": "2,39€",
            "ItemUnit": "23,90€/kg",
            "local_image_path": "Wein/ Spirituosen/Spirituosen/highland_park_18_jahre_single_malt_whisky.jpg"
          },
          {
            "image_urls": [
              "https://www.edeka24.de/out/pictures/generated/product/1/224_224_90/nestle_choco_crossies_crunchy_balls_weiamp223_200g.jpg"
            ],
            "ItemTitle": "Nestle Choco Crossies Crunchy Balls weiß 200G",
            "ItemPrice": "3,49€",
            "ItemUnit": "17,45€/kg",
            "local_image_path": "Wein/ Spirituosen/Spirituosen/highland_park_18_jahre_single_malt_whisky.jpg"
          },
          {
            "image_urls": [
              "https://www.edeka24.de/out/pictures/generated/product/1/224_224_90/weiss_zarte_lebuchen_herzen_sterne_amp_brezeln_zartbitter.jpg"
            ],
            "ItemTitle": "Weiss Zarte Lebuchen Herzen, Sterne & Brezeln Zartbitter",
            "ItemPrice": "2,79€",
            "ItemUnit": "5,58€/kg",
            "local_image_path": "Wein/ Spirituosen/Spirituosen/highland_park_18_jahre_single_malt_whisky.jpg"
          },
          {
            "image_urls": [
              "https://www.edeka24.de/out/pictures/generated/product/1/224_224_90/weiss_zarte_lebkuchen_herzen_sterne_amp_brezeln_vollmilch.jpg"
            ],
            "ItemTitle": "Weiss Zarte Lebkuchen Herzen, Sterne & Brezeln Vollmilch",
            "ItemPrice": "2,79€",
            "ItemUnit": "5,58€/kg",
            "local_image_path": "Wein/ Spirituosen/Spirituosen/highland_park_18_jahre_single_malt_whisky.jpg"
          },
          {
            "image_urls": [
              "https://www.edeka24.de/out/pictures/generated/product/1/224_224_90/unverpacktcashews.jpg"
            ],
            "ItemTitle": "Unverpackt Bio Cashewkerne 280G",
            "ItemPrice": "6,99€",
            "ItemUnit": "24,96€/kgzzgl.0,15€Pfand",
            "local_image_path": "Bio-Produkte/Bio Marken/unverpacktcashews.jpg"
          },
          {
            "image_urls": [
              "https://www.edeka24.de/out/pictures/generated/product/1/224_224_90/mentos_erdbeer_mix_3er_1125g.jpg"
            ],
            "ItemTitle": "Mentos Erdbeer-Mix 3ST 112,5G",
            "ItemPrice": "1,99€",
            "ItemUnit": "17,69€/kg",
            "local_image_path": "Lebensmittel/Süß & Salzig/mentos_erdbeer_mix_3er_1125g.jpg"
          },
          {
            "image_urls": [
              "https://www.edeka24.de/out/pictures/generated/product/1/224_224_90/seeberger_haselnusskerne_125g.jpg"
            ],
            "ItemTitle": "Seeberger Haselnusskerne 125G",
            "ItemPrice": "3,79€",
            "ItemUnit": "30,32€/kg",
            "local_image_path": "Lebensmittel/Süß & Salzig/seeberger_haselnusskerne_125g.jpg"
          },
          {
            "image_urls": [
              "https://www.edeka24.de/out/pictures/generated/product/1/224_224_90/unverpacktdatteln.jpg"
            ],
            "ItemTitle": "Unverpackt Bio Datteln ohne Stein 330G",
            "ItemPrice": "5,29€",
            "ItemUnit": "16,03€/kgzzgl.0,15€Pfand",
            "local_image_path": "Bio-Produkte/Bio Marken/unverpacktdatteln.jpg"
          },
          {
            "image_urls": [
              "https://www.edeka24.de/out/pictures/generated/product/1/224_224_90/emeukmanu.jpg"
            ],
            "ItemTitle": "Em-eukal Immunstark Manuka-Honig  75G",
            "ItemPrice": "3,49€",
            "ItemUnit": "46,53€/kg",
            "local_image_path": "Lebensmittel/Süß & Salzig/emeukmanu.jpg"
          },
          {
            "image_urls": [
              "https://www.edeka24.de/out/pictures/generated/product/1/224_224_90/rsswschokogruss.jpg"
            ],
            "ItemTitle": "Ritter Sport Schokowürfel Schoko Gruss 176G",
            "ItemPrice": "3,49€",
            "ItemUnit": "19,83€/kg",
            "local_image_path": "Lebensmittel/Süß & Salzig/rsswschokogruss.jpg"
          },
          {
            "image_urls": [
              "https://www.edeka24.de/out/pictures/generated/product/1/224_224_90/loackerquadvani.jpg"
            ],
            "ItemTitle": "Loacker Quadratini Vanilla 125G",
            "ItemPrice": "2,99€",
            "ItemUnit": "23,92€/kg",
            "local_image_path": "Lebensmittel/Süß & Salzig/loackerquadvani.jpg"
          },
          {
            "image_urls": [
              "https://www.edeka24.de/out/pictures/generated/product/1/224_224_90/de_beukelaer_cereola_chocampampberry_147g.jpg"
            ],
            "ItemTitle": "De Beukelaer Cereola Choc & Berry 147G",
            "ItemPrice": "2,19€",
            "ItemUnit": "14,90€/kg",
            "local_image_path": "Wein/ Spirituosen/Spirituosen/highland_park_18_jahre_single_malt_whisky.jpg"
          },
          {
            "image_urls": [
              "https://www.edeka24.de/out/pictures/generated/product/1/224_224_90/ragusa_noir_mit_pralinefamp252llungampampganzen_haselnamp252ssen_100g.jpg"
            ],
            "ItemTitle": "Ragusa Noir 100G",
            "ItemPrice": "3,29€",
            "ItemUnit": "32,90€/kg",
            "local_image_path": "Wein/ Spirituosen/Spirituosen/highland_park_18_jahre_single_malt_whisky.jpg"
          },
          {
            "image_urls": [
              "https://www.edeka24.de/out/pictures/generated/product/1/224_224_90/kamblybretzeli.jpg"
            ],
            "ItemTitle": "Kambly Bretzeli 98G",
            "ItemPrice": "3,79€",
            "ItemUnit": "38,67€/kg",
            "local_image_path": "Wein/ Spirituosen/Spirituosen/highland_park_18_jahre_single_malt_whisky.jpg"
          },
          {
            "image_urls": [
              "https://www.edeka24.de/out/pictures/generated/product/1/224_224_90/ragusa_classique_mit_pralinefamp252llungampampganzen_haselnamp252ssen_100g.jpg"
            ],
            "ItemTitle": "Ragusa Classique 100G",
            "ItemPrice": "3,29€",
            "ItemUnit": "32,90€/kg",
            "local_image_path": "Wein/ Spirituosen/Spirituosen/highland_park_18_jahre_single_malt_whisky.jpg"
          },
          {
            "image_urls": [
              "https://www.edeka24.de/out/pictures/generated/product/1/224_224_90/unverpackthaselnsse.jpg"
            ],
            "ItemTitle": "Unverpackt Bio Haselnusskerne 290G",
            "ItemPrice": "7,29€",
            "ItemUnit": "25,14€/kgzzgl.0,15€Pfand",
            "local_image_path": "Bio-Produkte/Bio Marken/unverpackthaselnsse.jpg"
          },
          {
            "image_urls": [
              "https://www.edeka24.de/out/pictures/generated/product/1/224_224_90/seeberger_milde_pinienkerne_150g.jpg"
            ],
            "ItemTitle": "Seeberger Milde Pinienkerne 150G",
            "ItemPrice": "13,99€",
            "ItemUnit": "93,27€/kg",
            "local_image_path": "Jetzt wird gerettet!/default_subcategory/seeberger_milde_pinienkerne_150g.jpg"
          },
          {
            "image_urls": [
              "https://www.edeka24.de/out/pictures/generated/product/1/224_224_90/sommer-cantuccini.jpg"
            ],
            "ItemTitle": "Sommer Demeter Dinkel Cantuccini 150G",
            "ItemPrice": "3,49€",
            "ItemUnit": "23,27€/kg",
            "local_image_path": "Wein/ Spirituosen/Spirituosen/highland_park_18_jahre_single_malt_whisky.jpg"
          },
          {
            "image_urls": [
              "https://www.edeka24.de/out/pictures/generated/product/1/224_224_90/bio_alnatura_feigen_400g.jpg"
            ],
            "ItemTitle": "Alnatura Bio Feigen 400G",
            "ItemPrice": "7,49€",
            "ItemUnit": "18,73€/kg",
            "local_image_path": "Bio-Produkte/Lebensmittel von Alnatura/bio_alnatura_feigen_400g.jpg"
          },
          {
            "image_urls": [
              "https://www.edeka24.de/out/pictures/generated/product/1/224_224_90/seeberger_delikatessfeigen_500_g.jpg"
            ],
            "ItemTitle": "Seeberger Delikatess-Feigen 500G",
            "ItemPrice": "9,99€",
            "ItemUnit": "19,98€/kg",
            "local_image_path": "Wein/ Spirituosen/Spirituosen/highland_park_18_jahre_single_malt_whisky.jpg"
          },
          {
            "image_urls": [
              "https://www.edeka24.de/out/pictures/generated/product/1/224_224_90/bio_heimatgut_salsa_dip_mild_mexican_260g.jpg"
            ],
            "ItemTitle": "Heimatgut Bio Salsa Dip Mild Mexican 260G",
            "ItemPrice": "2,79€",
            "ItemUnit": "10,73€/kg",
            "local_image_path": "Wein/ Spirituosen/Spirituosen/highland_park_18_jahre_single_malt_whisky.jpg"
          },
          {
            "image_urls": [
              "https://www.edeka24.de/out/pictures/generated/product/1/224_224_90/veganzhaselnuss-krokant.jpg"
            ],
            "ItemTitle": "Veganz Bio Rice Choc Haselnuss-Krokant 80G",
            "ItemPrice": "2,29€",
            "ItemUnit": "28,63€/kg",
            "local_image_path": "Bio-Produkte/Bio Marken/veganzhaselnuss-krokant.jpg"
          },
          {
            "image_urls": [
              "https://www.edeka24.de/out/pictures/generated/product/1/224_224_90/torino_lait_schweizer_milchschokolade_mit_haselnussmandelcremefamp252llung_100g.jpg"
            ],
            "ItemTitle": "Camille Bloch Lait Torino 100G",
            "ItemPrice": "2,99€",
            "ItemUnit": "29,90€/kg",
            "local_image_path": "Wein/ Spirituosen/Spirituosen/highland_park_18_jahre_single_malt_whisky.jpg"
          },
          {
            "image_urls": [
              "https://www.edeka24.de/out/pictures/generated/product/1/224_224_90/seeberger_macadamias_gerstet_amp_gesalzen_125_g.jpg"
            ],
            "ItemTitle": "Seeberger Macadamias geröstet & gesalzen 125G",
            "ItemPrice": "7,49€",
            "ItemUnit": "59,92€/kg",
            "local_image_path": "Wein/ Spirituosen/Spirituosen/highland_park_18_jahre_single_malt_whisky.jpg"
          },
          {
            "image_urls": [
              "https://www.edeka24.de/out/pictures/generated/product/1/224_224_90/loackerquadnapo.jpg"
            ],
            "ItemTitle": "Loacker Quadratini Napolitaner 125G",
            "ItemPrice": "2,99€",
            "ItemUnit": "23,92€/kg",
            "local_image_path": "Lebensmittel/Süß & Salzig/loackerquadnapo.jpg"
          },
          {
            "image_urls": [
              "https://www.edeka24.de/out/pictures/generated/product/1/224_224_90/loackerclassic.jpg"
            ],
            "ItemTitle": "Loacker Classic Napolitaner 90g",
            "ItemPrice": "1,69€",
            "ItemUnit": "18,78€/kg",
            "local_image_path": "Wein/ Spirituosen/Spirituosen/highland_park_18_jahre_single_malt_whisky.jpg"
          },
          {
            "image_urls": [
              "https://www.edeka24.de/out/pictures/generated/product/1/224_224_90/schamp228r_choco_chip_cookie_200g.jpg"
            ],
            "ItemTitle": "Schär Choco Chip Cookie glutenfrei 200G",
            "ItemPrice": "3,29€",
            "ItemUnit": "16,45€/kg",
            "local_image_path": "Wein/ Spirituosen/Spirituosen/highland_park_18_jahre_single_malt_whisky.jpg"
          },
          {
            "image_urls": [
              "https://www.edeka24.de/out/pictures/generated/product/1/224_224_90/alnatura_bio_cashew_cranberry_mix.jpg"
            ],
            "ItemTitle": "Alnatura Bio Cashew Cranberry Mix 150G",
            "ItemPrice": "3,89€",
            "ItemUnit": "25,93€/kg",
            "local_image_path": "Wein/ Spirituosen/Spirituosen/highland_park_18_jahre_single_malt_whisky.jpg"
          },
          {
            "image_urls": [
              "https://www.edeka24.de/out/pictures/generated/product/1/224_224_90/ltje_cashews_gerstet_amp_gesalzen.jpg"
            ],
            "ItemTitle": "Ültje Cashews geröstet & gesalzen 150G",
            "ItemPrice": "4,29€",
            "ItemUnit": "28,60€/kg",
            "local_image_path": "Wein/ Spirituosen/Spirituosen/highland_park_18_jahre_single_malt_whisky.jpg"
          },
          {
            "image_urls": [
              "https://www.edeka24.de/out/pictures/generated/product/1/224_224_90/loackerquaddark.jpg"
            ],
            "ItemTitle": "Loacker Quadratini Dark Chocolate 125G",
            "ItemPrice": "2,69€",
            "ItemUnit": "21,52€/kg",
            "local_image_path": "Wein/ Spirituosen/Spirituosen/highland_park_18_jahre_single_malt_whisky.jpg"
          },
          {
            "image_urls": [
              "https://www.edeka24.de/out/pictures/generated/product/1/224_224_90/sarottifair_ecuador_60_100g.jpg"
            ],
            "ItemTitle": "Sarotti Fair Ecuador 60% 100G",
            "ItemPrice": "2,39€",
            "ItemUnit": "23,90€/kg",
            "local_image_path": "Wein/ Spirituosen/Spirituosen/highland_park_18_jahre_single_malt_whisky.jpg"
          },
          {
            "image_urls": [
              "https://www.edeka24.de/out/pictures/generated/product/1/224_224_90/nestle_choco_crossies_crunchy_balls_weiamp223_200g.jpg"
            ],
            "ItemTitle": "Nestle Choco Crossies Crunchy Balls weiß 200G",
            "ItemPrice": "3,49€",
            "ItemUnit": "17,45€/kg",
            "local_image_path": "Wein/ Spirituosen/Spirituosen/highland_park_18_jahre_single_malt_whisky.jpg"
          },
          {
            "image_urls": [
              "https://www.edeka24.de/out/pictures/generated/product/1/224_224_90/weiss_zarte_lebuchen_herzen_sterne_amp_brezeln_zartbitter.jpg"
            ],
            "ItemTitle": "Weiss Zarte Lebuchen Herzen, Sterne & Brezeln Zartbitter",
            "ItemPrice": "2,79€",
            "ItemUnit": "5,58€/kg",
            "local_image_path": "Wein/ Spirituosen/Spirituosen/highland_park_18_jahre_single_malt_whisky.jpg"
          },
          {
            "image_urls": [
              "https://www.edeka24.de/out/pictures/generated/product/1/224_224_90/weiss_zarte_lebkuchen_herzen_sterne_amp_brezeln_vollmilch.jpg"
            ],
            "ItemTitle": "Weiss Zarte Lebkuchen Herzen, Sterne & Brezeln Vollmilch",
            "ItemPrice": "2,79€",
            "ItemUnit": "5,58€/kg",
            "local_image_path": "Wein/ Spirituosen/Spirituosen/highland_park_18_jahre_single_malt_whisky.jpg"
          },
          {
            "image_urls": [
              "https://www.edeka24.de/out/pictures/generated/product/1/224_224_90/unverpacktcashews.jpg"
            ],
            "ItemTitle": "Unverpackt Bio Cashewkerne 280G",
            "ItemPrice": "6,99€",
            "ItemUnit": "24,96€/kgzzgl.0,15€Pfand",
            "local_image_path": "Bio-Produkte/Bio Marken/unverpacktcashews.jpg"
          },
          {
            "image_urls": [
              "https://www.edeka24.de/out/pictures/generated/product/1/224_224_90/mentos_erdbeer_mix_3er_1125g.jpg"
            ],
            "ItemTitle": "Mentos Erdbeer-Mix 3ST 112,5G",
            "ItemPrice": "1,99€",
            "ItemUnit": "17,69€/kg",
            "local_image_path": "Lebensmittel/Süß & Salzig/mentos_erdbeer_mix_3er_1125g.jpg"
          },
          {
            "image_urls": [
              "https://www.edeka24.de/out/pictures/generated/product/1/224_224_90/erdnuamp223locken_classic_175g.jpg"
            ],
            "ItemTitle": "Lorenz Erdnuß Locken Classic 175G",
            "ItemPrice": "2,29€",
            "ItemUnit": "13,09€/kg",
            "local_image_path": "Lebensmittel/Süß & Salzig/erdnuamp223locken_classic_175g.jpg"
          },
          {
            "image_urls": [
              "https://www.edeka24.de/out/pictures/generated/product/1/224_224_90/knoppers_milchhaselnussschnitte_8st_200g.jpg"
            ],
            "ItemTitle": "Knoppers Milch-Haselnuss-Schnitte 8ST 200G",
            "ItemPrice": "2,29€",
            "ItemUnit": "11,45€/kg",
            "local_image_path": "Lebensmittel/Süß & Salzig/knoppers_milchhaselnussschnitte_8st_200g.jpg"
          },
          {
            "image_urls": [
              "https://www.edeka24.de/out/pictures/generated/product/1/224_224_90/kinder_riegel_big_pack.jpg"
            ],
            "ItemTitle": "Kinder Riegel Big Pack 18ST 378G",
            "ItemPrice": "3,99€",
            "ItemUnit": "10,56€/kg",
            "local_image_path": "Lebensmittel/Süß & Salzig/kinder_riegel_big_pack.jpg"
          },
          {
            "image_urls": [
              "https://www.edeka24.de/out/pictures/generated/product/1/224_224_90/chio_tortillas_wild_paprika_110g.jpg"
            ],
            "ItemTitle": "Chio Tortillas Wild Paprika 110G",
            "ItemSalePrice": "1,29€",
            "ItemUnit": "11,73€/kg",
            "local_image_path": "Lebensmittel/Süß & Salzig/chio_tortillas_wild_paprika_110g.jpg"
          },
          {
            "image_urls": [
              "https://www.edeka24.de/out/pictures/generated/product/1/224_224_90/duplo_18st_3276g.jpg"
            ],
            "ItemTitle": "Ferrero Duplo 18ST 327,6G",
            "ItemPrice": "3,99€",
            "ItemUnit": "12,16€/kg",
            "local_image_path": "Lebensmittel/Süß & Salzig/duplo_18st_3276g.jpg"
          },
          {
            "image_urls": [
              "https://www.edeka24.de/out/pictures/generated/product/1/224_224_90/funnyfrisch_chipsfrisch_ungarisch_150g.jpg"
            ],
            "ItemTitle": "Funny-Frisch Chipsfrisch Ungarisch 150G",
            "ItemPrice": "2,29€",
            "ItemUnit": "15,27€/kg",
            "local_image_path": "Lebensmittel/Süß & Salzig/funnyfrisch_chipsfrisch_ungarisch_150g.jpg"
          },
          {
            "image_urls": [
              "https://www.edeka24.de/out/pictures/generated/product/1/224_224_90/gut_amp_gnstig_erdnsse_gerstet_amp_gesalzen(1).jpg"
            ],
            "ItemTitle": "Gut & Günstig Erdnüsse geröstet & gesalzen 200G",
            "ItemPrice": "1,19€",
            "ItemUnit": "5,95€/kg",
            "local_image_path": "Lebensmittel/Süß & Salzig/gut_amp_gnstig_erdnsse_gerstet_amp_gesalzen(1).jpg"
          },
          {
            "image_urls": [
              "https://www.edeka24.de/out/pictures/generated/product/1/224_224_90/3557_front.jpg"
            ],
            "ItemTitle": "Ferrero Hanuta 220G",
            "ItemPrice": "2,79€",
            "ItemUnit": "12,68€/kg",
            "local_image_path": "Lebensmittel/Süß & Salzig/3557_front.jpg"
          },
          {
            "image_urls": [
              "https://www.edeka24.de/out/pictures/generated/product/1/224_224_90/mayka_sticks_200g.jpg"
            ],
            "ItemTitle": "Mayka Sticks 200G",
            "ItemPrice": "1,69€",
            "ItemUnit": "8,45€/kg",
            "local_image_path": "Lebensmittel/Süß & Salzig/mayka_sticks_200g.jpg"
          },
          {
            "image_urls": [
              "https://www.edeka24.de/out/pictures/generated/product/1/224_224_90/de_beukelaer_prinzen_rolle_schoko_400g.jpg"
            ],
            "ItemTitle": "De Beukelaer Prinzen Rolle Schoko 400G",
            "ItemPrice": "2,29€",
            "ItemUnit": "5,73€/kg",
            "local_image_path": "Lebensmittel/Süß & Salzig/de_beukelaer_prinzen_rolle_schoko_400g.jpg"
          },
          {
            "image_urls": [
              "https://www.edeka24.de/out/pictures/generated/product/1/224_224_90/gut_amp_gnstig_cashews_gerstet_amp_gesalzen(1).jpg"
            ],
            "ItemTitle": "Gut & Günstig Cashews geröstet & gesalzen 150G",
            "ItemPrice": "2,29€",
            "ItemUnit": "15,27€/kg",
            "local_image_path": "Lebensmittel/Süß & Salzig/gut_amp_gnstig_cashews_gerstet_amp_gesalzen(1).jpg"
          },
          {
            "image_urls": [
              "https://www.edeka24.de/out/pictures/generated/product/1/224_224_90/bio_edeka_knusperriegel_nussmix_3x25g.jpg"
            ],
            "ItemTitle": "EDEKA Bio Knusperriegel Nussmix 3ST 75G",
            "ItemPrice": "1,29€",
            "ItemUnit": "17,20€/kg",
            "local_image_path": "Bio-Produkte/Bio Marken/bio_edeka_knusperriegel_nussmix_3x25g.jpg"
          },
          {
            "image_urls": [
              "https://www.edeka24.de/out/pictures/generated/product/1/224_224_90/lorenz_saltletts_classic.jpg"
            ],
            "ItemTitle": "Lorenz Saltletts Sticks 250G",
            "ItemPrice": "2,29€",
            "ItemUnit": "9,16€/kg",
            "local_image_path": "Lebensmittel/Süß & Salzig/lorenz_saltletts_classic.jpg"
          },
          {
            "image_urls": [
              "https://www.edeka24.de/out/pictures/generated/product/1/224_224_90/haribo_tropifrutti_175g.jpg"
            ],
            "ItemTitle": "Haribo Tropifrutti 175G",
            "ItemPrice": "1,29€",
            "ItemUnit": "7,37€/kg",
            "local_image_path": "Lebensmittel/Süß & Salzig/haribo_tropifrutti_175g.jpg"
          },
          {
            "image_urls": [
              "https://www.edeka24.de/out/pictures/generated/product/1/224_224_90/corny_schokobanane_riegel_6st_150g.jpg"
            ],
            "ItemTitle": "Corny Schoko-Banane Riegel 6ST 150G",
            "ItemPrice": "1,69€",
            "ItemUnit": "11,27€/kg",
            "local_image_path": "Lebensmittel/Süß & Salzig/corny_schokobanane_riegel_6st_150g.jpg"
          },
          {
            "image_urls": [
              "https://www.edeka24.de/out/pictures/generated/product/1/224_224_90/ferrero_kinder_bueno_10st_215g.jpg"
            ],
            "ItemTitle": "Ferrero Kinder Bueno 10ST 215G",
            "ItemPrice": "3,79€",
            "ItemUnit": "17,63€/kg",
            "local_image_path": "Lebensmittel/Süß & Salzig/ferrero_kinder_bueno_10st_215g.jpg"
          },
          {
            "image_urls": [
              "https://www.edeka24.de/out/pictures/generated/product/1/224_224_90/leibnizzorigchocvm.jpg"
            ],
            "ItemTitle": "Leibniz Choco Vollmilch Kekse 125G",
            "ItemPrice": "2,19€",
            "ItemUnit": "17,52€/kg",
            "local_image_path": "Lebensmittel/Süß & Salzig/leibnizzorigchocvm.jpg"
          },
          {
            "image_urls": [
              "https://www.edeka24.de/out/pictures/generated/product/1/224_224_90/chioreadysalted.jpg"
            ],
            "ItemTitle": "Chio Chips Ready Salted 150G",
            "ItemPrice": "1,99€",
            "ItemUnit": "13,27€/kg",
            "local_image_path": "Lebensmittel/Süß & Salzig/chioreadysalted.jpg"
          },
          {
            "image_urls": [
              "https://www.edeka24.de/out/pictures/generated/product/1/224_224_90/bahlsen_comtess_zitronen_kuchen_350_g.jpg"
            ],
            "ItemTitle": "Bahlsen Comtess Zitronen Kuchen 350G",
            "ItemPrice": "2,99€",
            "ItemUnit": "8,54€/kg",
            "local_image_path": "Lebensmittel/Süß & Salzig/bahlsen_comtess_zitronen_kuchen_350_g.jpg"
          },
          {
            "image_urls": [
              "https://www.edeka24.de/out/pictures/generated/product/1/224_224_90/storck_toffifee.jpg"
            ],
            "ItemTitle": "Storck Toffifee 125G",
            "ItemPrice": "1,59€",
            "ItemUnit": "12,72€/kg",
            "local_image_path": "Lebensmittel/Süß & Salzig/storck_toffifee.jpg"
          },
          {
            "image_urls": [
              "https://www.edeka24.de/out/pictures/generated/product/1/224_224_90/griessonsoftkackeorange.jpg"
            ],
            "ItemTitle": "Griesson Soft Cake Zartbitter-Orange 300G",
            "ItemPrice": "1,69€",
            "ItemUnit": "5,63€/kg",
            "local_image_path": "Lebensmittel/Süß & Salzig/griessonsoftkackeorange.jpg"
          },
          {
            "image_urls": [
              "https://www.edeka24.de/out/pictures/generated/product/1/224_224_90/ferrero_hanuta_haselnussschnitten_minis_200g.jpg"
            ],
            "ItemTitle": "Ferrero Hanuta Haselnuss-Schnitten Minis 200G",
            "ItemPrice": "2,99€",
            "ItemUnit": "14,95€/kg",
            "local_image_path": "Lebensmittel/Süß & Salzig/ferrero_hanuta_haselnussschnitten_minis_200g.jpg"
          },
          {
            "image_urls": [
              "https://www.edeka24.de/out/pictures/generated/product/1/224_224_90/milka_alpenmilch_schokolade_100g.jpg"
            ],
            "ItemTitle": "Milka Alpenmilch Schokolade 100G",
            "ItemPrice": "1,49€",
            "ItemUnit": "14,90€/kg",
            "local_image_path": "Lebensmittel/Süß & Salzig/milka_alpenmilch_schokolade_100g.jpg"
          },
          {
            "image_urls": [
              "https://www.edeka24.de/out/pictures/generated/product/1/224_224_90/coockies_big_nut_300_p1.jpg"
            ],
            "ItemTitle": "Griesson Chocolate Mountain Cookies Big Nut 150G",
            "ItemPrice": "0,99€",
            "ItemUnit": "6,60€/kg",
            "local_image_path": "Lebensmittel/Süß & Salzig/coockies_big_nut_300_p1.jpg"
          },
          {
            "image_urls": [
              "https://www.edeka24.de/out/pictures/generated/product/1/224_224_90/yogurette_300_g_vorratspackung_24er.jpg"
            ],
            "ItemTitle": "Ferrero Yogurette 24ST 300G",
            "ItemPrice": "3,49€",
            "ItemUnit": "11,63€/kg",
            "local_image_path": "Lebensmittel/Süß & Salzig/yogurette_300_g_vorratspackung_24er.jpg"
          },
          {
            "image_urls": [
              "https://www.edeka24.de/out/pictures/generated/product/1/224_224_90/bahlsen_comtess_marmor_kuchen_350_g.jpg"
            ],
            "ItemTitle": "Bahlsen Comtess Marmor Kuchen 350G",
            "ItemPrice": "2,99€",
            "ItemUnit": "8,54€/kg",
            "local_image_path": "Lebensmittel/Süß & Salzig/bahlsen_comtess_marmor_kuchen_350_g.jpg"
          },
          {
            "image_urls": [
              "https://www.edeka24.de/out/pictures/generated/product/1/224_224_90/pickupchoco.jpg"
            ],
            "ItemTitle": "Leibniz Pick UP! Mini Choco 127G",
            "ItemSalePrice": "1,99€",
            "ItemUnit": "15,67€/kg",
            "local_image_path": "Angebote/default_subcategory/pickupchoco.jpg"
          },
          {
            "image_urls": [
              "https://www.edeka24.de/out/pictures/generated/product/1/224_224_90/de_beukelaer_tuc_cracker_original_100_g.jpg"
            ],
            "ItemTitle": "De Beukelaer Tuc Cracker Original 100 g",
            "ItemPrice": "1,59€",
            "ItemUnit": "15,90€/kg",
            "local_image_path": "Lebensmittel/Süß & Salzig/de_beukelaer_tuc_cracker_original_100_g.jpg"
          },
          {
            "image_urls": [
              "https://www.edeka24.de/out/pictures/generated/product/1/224_224_90/bio_alnatura_kamp228segebamp228ck_gouda_80g.jpg"
            ],
            "ItemTitle": "Alnatura Bio Käsegebäck Gouda 80G",
            "ItemPrice": "2,29€",
            "ItemUnit": "28,63€/kg",
            "local_image_path": "Lebensmittel/Süß & Salzig/bio_alnatura_kamp228segebamp228ck_gouda_80g.jpg"
          },
          {
            "image_urls": [
              "https://www.edeka24.de/out/pictures/generated/product/1/224_224_90/nicnacs.jpg"
            ],
            "ItemTitle": "Lorenz Nic Nacs Original 110G",
            "ItemPrice": "2,29€",
            "ItemUnit": "20,82€/kg",
            "local_image_path": "Lebensmittel/Süß & Salzig/nicnacs.jpg"
          },
          {
            "image_urls": [
              "https://www.edeka24.de/out/pictures/generated/product/1/224_224_90/erdnuamp223locken_classic_175g.jpg"
            ],
            "ItemTitle": "Lorenz Erdnuß Locken Classic 175G",
            "ItemPrice": "2,29€",
            "ItemUnit": "13,09€/kg",
            "local_image_path": "Lebensmittel/Süß & Salzig/erdnuamp223locken_classic_175g.jpg"
          },
          {
            "image_urls": [
              "https://www.edeka24.de/out/pictures/generated/product/1/224_224_90/knoppers_milchhaselnussschnitte_8st_200g.jpg"
            ],
            "ItemTitle": "Knoppers Milch-Haselnuss-Schnitte 8ST 200G",
            "ItemPrice": "2,29€",
            "ItemUnit": "11,45€/kg",
            "local_image_path": "Lebensmittel/Süß & Salzig/knoppers_milchhaselnussschnitte_8st_200g.jpg"
          },
          {
            "image_urls": [
              "https://www.edeka24.de/out/pictures/generated/product/1/224_224_90/kinder_riegel_big_pack.jpg"
            ],
            "ItemTitle": "Kinder Riegel Big Pack 18ST 378G",
            "ItemPrice": "3,99€",
            "ItemUnit": "10,56€/kg",
            "local_image_path": "Lebensmittel/Süß & Salzig/kinder_riegel_big_pack.jpg"
          },
          {
            "image_urls": [
              "https://www.edeka24.de/out/pictures/generated/product/1/224_224_90/chio_tortillas_wild_paprika_110g.jpg"
            ],
            "ItemTitle": "Chio Tortillas Wild Paprika 110G",
            "ItemSalePrice": "1,29€",
            "ItemUnit": "11,73€/kg",
            "local_image_path": "Lebensmittel/Süß & Salzig/chio_tortillas_wild_paprika_110g.jpg"
          },
          {
            "image_urls": [
              "https://www.edeka24.de/out/pictures/generated/product/1/224_224_90/duplo_18st_3276g.jpg"
            ],
            "ItemTitle": "Ferrero Duplo 18ST 327,6G",
            "ItemPrice": "3,99€",
            "ItemUnit": "12,16€/kg",
            "local_image_path": "Lebensmittel/Süß & Salzig/duplo_18st_3276g.jpg"
          },
          {
            "image_urls": [
              "https://www.edeka24.de/out/pictures/generated/product/1/224_224_90/funnyfrisch_chipsfrisch_ungarisch_150g.jpg"
            ],
            "ItemTitle": "Funny-Frisch Chipsfrisch Ungarisch 150G",
            "ItemPrice": "2,29€",
            "ItemUnit": "15,27€/kg",
            "local_image_path": "Lebensmittel/Süß & Salzig/funnyfrisch_chipsfrisch_ungarisch_150g.jpg"
          },
          {
            "image_urls": [
              "https://www.edeka24.de/out/pictures/generated/product/1/224_224_90/gut_amp_gnstig_erdnsse_gerstet_amp_gesalzen(1).jpg"
            ],
            "ItemTitle": "Gut & Günstig Erdnüsse geröstet & gesalzen 200G",
            "ItemPrice": "1,19€",
            "ItemUnit": "5,95€/kg",
            "local_image_path": "Lebensmittel/Süß & Salzig/gut_amp_gnstig_erdnsse_gerstet_amp_gesalzen(1).jpg"
          },
          {
            "image_urls": [
              "https://www.edeka24.de/out/pictures/generated/product/1/224_224_90/3557_front.jpg"
            ],
            "ItemTitle": "Ferrero Hanuta 220G",
            "ItemPrice": "2,79€",
            "ItemUnit": "12,68€/kg",
            "local_image_path": "Lebensmittel/Süß & Salzig/3557_front.jpg"
          },
          {
            "image_urls": [
              "https://www.edeka24.de/out/pictures/generated/product/1/224_224_90/mayka_sticks_200g.jpg"
            ],
            "ItemTitle": "Mayka Sticks 200G",
            "ItemPrice": "1,69€",
            "ItemUnit": "8,45€/kg",
            "local_image_path": "Lebensmittel/Süß & Salzig/mayka_sticks_200g.jpg"
          },
          {
            "image_urls": [
              "https://www.edeka24.de/out/pictures/generated/product/1/224_224_90/de_beukelaer_prinzen_rolle_schoko_400g.jpg"
            ],
            "ItemTitle": "De Beukelaer Prinzen Rolle Schoko 400G",
            "ItemPrice": "2,29€",
            "ItemUnit": "5,73€/kg",
            "local_image_path": "Lebensmittel/Süß & Salzig/de_beukelaer_prinzen_rolle_schoko_400g.jpg"
          },
          {
            "image_urls": [
              "https://www.edeka24.de/out/pictures/generated/product/1/224_224_90/gut_amp_gnstig_cashews_gerstet_amp_gesalzen(1).jpg"
            ],
            "ItemTitle": "Gut & Günstig Cashews geröstet & gesalzen 150G",
            "ItemPrice": "2,29€",
            "ItemUnit": "15,27€/kg",
            "local_image_path": "Lebensmittel/Süß & Salzig/gut_amp_gnstig_cashews_gerstet_amp_gesalzen(1).jpg"
          },
          {
            "image_urls": [
              "https://www.edeka24.de/out/pictures/generated/product/1/224_224_90/bio_edeka_knusperriegel_nussmix_3x25g.jpg"
            ],
            "ItemTitle": "EDEKA Bio Knusperriegel Nussmix 3ST 75G",
            "ItemPrice": "1,29€",
            "ItemUnit": "17,20€/kg",
            "local_image_path": "Bio-Produkte/Bio Marken/bio_edeka_knusperriegel_nussmix_3x25g.jpg"
          },
          {
            "image_urls": [
              "https://www.edeka24.de/out/pictures/generated/product/1/224_224_90/lorenz_saltletts_classic.jpg"
            ],
            "ItemTitle": "Lorenz Saltletts Sticks 250G",
            "ItemPrice": "2,29€",
            "ItemUnit": "9,16€/kg",
            "local_image_path": "Lebensmittel/Süß & Salzig/lorenz_saltletts_classic.jpg"
          },
          {
            "image_urls": [
              "https://www.edeka24.de/out/pictures/generated/product/1/224_224_90/haribo_tropifrutti_175g.jpg"
            ],
            "ItemTitle": "Haribo Tropifrutti 175G",
            "ItemPrice": "1,29€",
            "ItemUnit": "7,37€/kg",
            "local_image_path": "Lebensmittel/Süß & Salzig/haribo_tropifrutti_175g.jpg"
          },
          {
            "image_urls": [
              "https://www.edeka24.de/out/pictures/generated/product/1/224_224_90/corny_schokobanane_riegel_6st_150g.jpg"
            ],
            "ItemTitle": "Corny Schoko-Banane Riegel 6ST 150G",
            "ItemPrice": "1,69€",
            "ItemUnit": "11,27€/kg",
            "local_image_path": "Lebensmittel/Süß & Salzig/corny_schokobanane_riegel_6st_150g.jpg"
          },
          {
            "image_urls": [
              "https://www.edeka24.de/out/pictures/generated/product/1/224_224_90/ferrero_kinder_bueno_10st_215g.jpg"
            ],
            "ItemTitle": "Ferrero Kinder Bueno 10ST 215G",
            "ItemPrice": "3,79€",
            "ItemUnit": "17,63€/kg",
            "local_image_path": "Lebensmittel/Süß & Salzig/ferrero_kinder_bueno_10st_215g.jpg"
          },
          {
            "image_urls": [
              "https://www.edeka24.de/out/pictures/generated/product/1/224_224_90/leibnizzorigchocvm.jpg"
            ],
            "ItemTitle": "Leibniz Choco Vollmilch Kekse 125G",
            "ItemPrice": "2,19€",
            "ItemUnit": "17,52€/kg",
            "local_image_path": "Lebensmittel/Süß & Salzig/leibnizzorigchocvm.jpg"
          },
          {
            "image_urls": [
              "https://www.edeka24.de/out/pictures/generated/product/1/224_224_90/chioreadysalted.jpg"
            ],
            "ItemTitle": "Chio Chips Ready Salted 150G",
            "ItemPrice": "1,99€",
            "ItemUnit": "13,27€/kg",
            "local_image_path": "Lebensmittel/Süß & Salzig/chioreadysalted.jpg"
          },
          {
            "image_urls": [
              "https://www.edeka24.de/out/pictures/generated/product/1/224_224_90/bahlsen_comtess_zitronen_kuchen_350_g.jpg"
            ],
            "ItemTitle": "Bahlsen Comtess Zitronen Kuchen 350G",
            "ItemPrice": "2,99€",
            "ItemUnit": "8,54€/kg",
            "local_image_path": "Lebensmittel/Süß & Salzig/bahlsen_comtess_zitronen_kuchen_350_g.jpg"
          },
          {
            "image_urls": [
              "https://www.edeka24.de/out/pictures/generated/product/1/224_224_90/storck_toffifee.jpg"
            ],
            "ItemTitle": "Storck Toffifee 125G",
            "ItemPrice": "1,59€",
            "ItemUnit": "12,72€/kg",
            "local_image_path": "Lebensmittel/Süß & Salzig/storck_toffifee.jpg"
          },
          {
            "image_urls": [
              "https://www.edeka24.de/out/pictures/generated/product/1/224_224_90/griessonsoftkackeorange.jpg"
            ],
            "ItemTitle": "Griesson Soft Cake Zartbitter-Orange 300G",
            "ItemPrice": "1,69€",
            "ItemUnit": "5,63€/kg",
            "local_image_path": "Lebensmittel/Süß & Salzig/griessonsoftkackeorange.jpg"
          },
          {
            "image_urls": [
              "https://www.edeka24.de/out/pictures/generated/product/1/224_224_90/ferrero_hanuta_haselnussschnitten_minis_200g.jpg"
            ],
            "ItemTitle": "Ferrero Hanuta Haselnuss-Schnitten Minis 200G",
            "ItemPrice": "2,99€",
            "ItemUnit": "14,95€/kg",
            "local_image_path": "Lebensmittel/Süß & Salzig/ferrero_hanuta_haselnussschnitten_minis_200g.jpg"
          },
          {
            "image_urls": [
              "https://www.edeka24.de/out/pictures/generated/product/1/224_224_90/milka_alpenmilch_schokolade_100g.jpg"
            ],
            "ItemTitle": "Milka Alpenmilch Schokolade 100G",
            "ItemPrice": "1,49€",
            "ItemUnit": "14,90€/kg",
            "local_image_path": "Lebensmittel/Süß & Salzig/milka_alpenmilch_schokolade_100g.jpg"
          },
          {
            "image_urls": [
              "https://www.edeka24.de/out/pictures/generated/product/1/224_224_90/coockies_big_nut_300_p1.jpg"
            ],
            "ItemTitle": "Griesson Chocolate Mountain Cookies Big Nut 150G",
            "ItemPrice": "0,99€",
            "ItemUnit": "6,60€/kg",
            "local_image_path": "Lebensmittel/Süß & Salzig/coockies_big_nut_300_p1.jpg"
          },
          {
            "image_urls": [
              "https://www.edeka24.de/out/pictures/generated/product/1/224_224_90/yogurette_300_g_vorratspackung_24er.jpg"
            ],
            "ItemTitle": "Ferrero Yogurette 24ST 300G",
            "ItemPrice": "3,49€",
            "ItemUnit": "11,63€/kg",
            "local_image_path": "Lebensmittel/Süß & Salzig/yogurette_300_g_vorratspackung_24er.jpg"
          },
          {
            "image_urls": [
              "https://www.edeka24.de/out/pictures/generated/product/1/224_224_90/bahlsen_comtess_marmor_kuchen_350_g.jpg"
            ],
            "ItemTitle": "Bahlsen Comtess Marmor Kuchen 350G",
            "ItemPrice": "2,99€",
            "ItemUnit": "8,54€/kg",
            "local_image_path": "Lebensmittel/Süß & Salzig/bahlsen_comtess_marmor_kuchen_350_g.jpg"
          },
          {
            "image_urls": [
              "https://www.edeka24.de/out/pictures/generated/product/1/224_224_90/pickupchoco.jpg"
            ],
            "ItemTitle": "Leibniz Pick UP! Mini Choco 127G",
            "ItemSalePrice": "1,99€",
            "ItemUnit": "15,67€/kg",
            "local_image_path": "Angebote/default_subcategory/pickupchoco.jpg"
          },
          {
            "image_urls": [
              "https://www.edeka24.de/out/pictures/generated/product/1/224_224_90/de_beukelaer_tuc_cracker_original_100_g.jpg"
            ],
            "ItemTitle": "De Beukelaer Tuc Cracker Original 100 g",
            "ItemPrice": "1,59€",
            "ItemUnit": "15,90€/kg",
            "local_image_path": "Lebensmittel/Süß & Salzig/de_beukelaer_tuc_cracker_original_100_g.jpg"
          },
          {
            "image_urls": [
              "https://www.edeka24.de/out/pictures/generated/product/1/224_224_90/bio_alnatura_kamp228segebamp228ck_gouda_80g.jpg"
            ],
            "ItemTitle": "Alnatura Bio Käsegebäck Gouda 80G",
            "ItemPrice": "2,29€",
            "ItemUnit": "28,63€/kg",
            "local_image_path": "Lebensmittel/Süß & Salzig/bio_alnatura_kamp228segebamp228ck_gouda_80g.jpg"
          },
          {
            "image_urls": [
              "https://www.edeka24.de/out/pictures/generated/product/1/224_224_90/nicnacs.jpg"
            ],
            "ItemTitle": "Lorenz Nic Nacs Original 110G",
            "ItemPrice": "2,29€",
            "ItemUnit": "20,82€/kg",
            "local_image_path": "Lebensmittel/Süß & Salzig/nicnacs.jpg"
          }
        ]
      }
    ]
  },
  {
    "CategoryTitle": "Lebensmittel",
    "Subcategories": [
      {
        "subcategoryTitle": "Konserven",
        "productItems": [
          {
            "image_urls": [
              "https://www.edeka24.de/out/pictures/generated/product/1/224_224_90/meica_6_saftbockwrste.jpg"
            ],
            "ItemTitle": "Meica 6 Saft-Bockwürste 380G",
            "ItemPrice": "2,99€",
            "ItemUnit": "16,61€/kg",
            "local_image_path": "Lebensmittel/Konserven/meica_6_saftbockwrste.jpg"
          },
          {
            "image_urls": [
              "https://www.edeka24.de/out/pictures/generated/product/1/224_224_90/edeka_amp214sterreich_kaminwurzen_130g.jpg"
            ],
            "ItemTitle": "EDEKA Kaminwurzen 130G",
            "ItemPrice": "2,59€",
            "ItemUnit": "19,92€/kg",
            "local_image_path": "Lebensmittel/Konserven/edeka_amp214sterreich_kaminwurzen_130g.jpg"
          },
          {
            "image_urls": [
              "https://www.edeka24.de/out/pictures/generated/product/1/224_224_90/edeka_la_france_luftgetrocknete_ringsalami_pur_pork_300g(1).jpg"
            ],
            "ItemTitle": "EDEKA La France Luftgetrocknete Ringsalami Pur Pork 300G",
            "ItemPrice": "4,49€",
            "ItemUnit": "14,97€/kg",
            "local_image_path": "Lebensmittel/Konserven/edeka_la_france_luftgetrocknete_ringsalami_pur_pork_300g(1).jpg"
          },
          {
            "image_urls": [
              "https://www.edeka24.de/out/pictures/generated/product/1/224_224_90/ggsardzitr(1).jpg"
            ],
            "ItemTitle": "Gut & Günstig Sardinen ohne Haut und Gräten in Sojaöl mit Zitrone 125G",
            "ItemPrice": "1,09€",
            "ItemUnit": "8,72€/kg",
            "local_image_path": "Lebensmittel/Konserven/ggsardzitr(1).jpg"
          },
          {
            "image_urls": [
              "https://www.edeka24.de/out/pictures/generated/product/1/224_224_90/schwarzwaldhof_schwarzwlder_landjger_160_g.jpg"
            ],
            "ItemTitle": "Schwarzwaldhof Landjäger 160G",
            "ItemPrice": "3,49€",
            "ItemUnit": "21,81€/kg",
            "local_image_path": "Lebensmittel/Konserven/schwarzwaldhof_schwarzwlder_landjger_160_g.jpg"
          },
          {
            "image_urls": [
              "https://www.edeka24.de/out/pictures/generated/product/1/224_224_90/bio_edeka_apfelmus_ohne_zuckerzusatz_360g.jpg"
            ],
            "ItemTitle": "EDEKA Bio Apfelmus ohne Zuckerzusatz 360G",
            "ItemPrice": "1,19€",
            "ItemUnit": "3,31€/kg",
            "local_image_path": "Lebensmittel/Konserven/bio_edeka_apfelmus_ohne_zuckerzusatz_360g.jpg"
          },
          {
            "image_urls": [
              "https://www.edeka24.de/out/pictures/generated/product/1/224_224_90/ggsonnenmais.jpg"
            ],
            "ItemTitle": "Gut & Günstig Sonnenmais 330G",
            "ItemPrice": "1,09€",
            "ItemUnit": "3,82€/kg",
            "local_image_path": "Lebensmittel/Konserven/ggsonnenmais.jpg"
          },
          {
            "image_urls": [
              "https://www.edeka24.de/out/pictures/generated/product/1/224_224_90/edeka_erbsen_mit_karotten_extra_fein_660_g.jpg"
            ],
            "ItemTitle": "EDEKA Junge Erbsen mit Pariser Karotten extra fein 660G",
            "ItemPrice": "1,79€",
            "ItemUnit": "4,26€/kg",
            "local_image_path": "Lebensmittel/Konserven/edeka_erbsen_mit_karotten_extra_fein_660_g.jpg"
          },
          {
            "image_urls": [
              "https://www.edeka24.de/out/pictures/generated/product/1/224_224_90/bio_edeka_tomaten_in_stamp252cken_400g.jpg"
            ],
            "ItemTitle": "EDEKA Bio Tomaten in Stücken 400G",
            "ItemPrice": "0,99€",
            "ItemUnit": "2,48€/kg",
            "local_image_path": "Lebensmittel/Konserven/bio_edeka_tomaten_in_stamp252cken_400g.jpg"
          },
          {
            "image_urls": [
              "https://www.edeka24.de/out/pictures/generated/product/1/224_224_90/msc_gutampampgamp220nstig_thunfischsalat_mexican_160g.jpg"
            ],
            "ItemTitle": "Gut & Günstig Thunfischsalat Mexican Style 160G",
            "ItemPrice": "1,69€",
            "ItemUnit": "10,56€/kg",
            "local_image_path": "Lebensmittel/Konserven/msc_gutampampgamp220nstig_thunfischsalat_mexican_160g.jpg"
          },
          {
            "image_urls": [
              "https://www.edeka24.de/out/pictures/generated/product/1/224_224_90/edkpfihafrugez.jpg"
            ],
            "ItemTitle": "EDEKA Pfirsiche halbe Frucht gezuckert 820G",
            "ItemPrice": "2,79€",
            "ItemUnit": "5,81€/kg",
            "local_image_path": "Lebensmittel/Konserven/edkpfihafrugez.jpg"
          },
          {
            "image_urls": [
              "https://www.edeka24.de/out/pictures/generated/product/1/224_224_90/bonduelle_junge_erbsen_feine_auslese_400g.jpg"
            ],
            "ItemTitle": "Bonduelle Junge Erbsen Feine Auslese 400G",
            "ItemPrice": "1,79€",
            "ItemUnit": "6,39€/kg",
            "local_image_path": "Lebensmittel/Konserven/bonduelle_junge_erbsen_feine_auslese_400g.jpg"
          },
          {
            "image_urls": [
              "https://www.edeka24.de/out/pictures/generated/product/1/224_224_90/muellers_schwfliesaft_400g.jpg"
            ],
            "ItemTitle": "Müllers Schweinefleisch im eigenen Saft 400G",
            "ItemPrice": "3,49€",
            "ItemUnit": "8,73€/kg",
            "local_image_path": "Lebensmittel/Konserven/muellers_schwfliesaft_400g.jpg"
          },
          {
            "image_urls": [
              "https://www.edeka24.de/out/pictures/generated/product/1/224_224_90/bio_edeka_leberwurst_200g.jpg"
            ],
            "ItemTitle": "EDEKA Bio Leberwurst 200G",
            "ItemPrice": "3,29€",
            "ItemUnit": "16,45€/kg",
            "local_image_path": "Lebensmittel/Konserven/bio_edeka_leberwurst_200g.jpg"
          },
          {
            "image_urls": [
              "https://www.edeka24.de/out/pictures/generated/product/1/224_224_90/hawesta_heringsfilet_tomatencreme.jpg"
            ],
            "ItemTitle": "Hawesta Heringsfilet Tomaten-Creme 200G",
            "ItemPrice": "2,19€",
            "ItemUnit": "10,95€/kg",
            "local_image_path": "Lebensmittel/Konserven/hawesta_heringsfilet_tomatencreme.jpg"
          },
          {
            "image_urls": [
              "https://www.edeka24.de/out/pictures/generated/product/1/224_224_90/hawestabratheringe(1).jpg"
            ],
            "ItemTitle": "Hawesta Bratheringe in fein-würziger Marinade 500G",
            "ItemPrice": "3,29€",
            "ItemUnit": "10,97€/kg",
            "local_image_path": "Lebensmittel/Konserven/hawestabratheringe(1).jpg"
          },
          {
            "image_urls": [
              "https://www.edeka24.de/out/pictures/generated/product/1/224_224_90/edeka_weiamp223e_riesenbohnen_400g.jpg"
            ],
            "ItemTitle": "EDEKA Weiße Riesenbohnen 400G",
            "ItemPrice": "1,39€",
            "ItemUnit": "5,79€/kg",
            "local_image_path": "Lebensmittel/Konserven/edeka_weiamp223e_riesenbohnen_400g.jpg"
          },
          {
            "image_urls": [
              "https://www.edeka24.de/out/pictures/generated/product/1/224_224_90/122403_truemans_61_350g_classic.jpg"
            ],
            "ItemTitle": "Meica 6+1 Trueman's American Style Hot Dog 540G",
            "ItemPrice": "4,79€",
            "ItemUnit": "13,69€/kg",
            "local_image_path": "Lebensmittel/Konserven/122403_truemans_61_350g_classic.jpg"
          },
          {
            "image_urls": [
              "https://www.edeka24.de/out/pictures/generated/product/1/224_224_90/erasco_6_knigsberger_klopse_800_g.jpg"
            ],
            "ItemTitle": "Erasco Königsberger Klopse 800G",
            "ItemPrice": "4,29€",
            "ItemUnit": "5,36€/kg",
            "local_image_path": "Lebensmittel/Fertiggerichte/erasco_6_knigsberger_klopse_800_g.jpg"
          },
          {
            "image_urls": [
              "https://www.edeka24.de/out/pictures/generated/product/1/224_224_90/hengstenberg_knax_gewrzgurken_670_g(1).jpg"
            ],
            "ItemTitle": "Hengstenberg Knax Gewürzgurken 670G",
            "ItemPrice": "2,59€",
            "ItemUnit": "7,19€/kg",
            "local_image_path": "Lebensmittel/Konserven/hengstenberg_knax_gewrzgurken_670_g(1).jpg"
          },
          {
            "image_urls": [
              "https://www.edeka24.de/out/pictures/generated/product/1/224_224_90/bio_edeka_sauerkirschen_360g.jpg"
            ],
            "ItemTitle": "EDEKA Bio Sauerkirschen entsteint 360G",
            "ItemPrice": "2,19€",
            "ItemUnit": "11,23€/kg",
            "local_image_path": "Lebensmittel/Konserven/bio_edeka_sauerkirschen_360g.jpg"
          },
          {
            "image_urls": [
              "https://www.edeka24.de/out/pictures/generated/product/1/224_224_90/ananasdessertstckelgz.jpg"
            ],
            "ItemTitle": "EDEKA Ananas Dessertstücke leicht gezuckert 567G",
            "ItemPrice": "2,19€",
            "ItemUnit": "6,44€/kg",
            "local_image_path": "Lebensmittel/Konserven/ananasdessertstckelgz.jpg"
          },
          {
            "image_urls": [
              "https://www.edeka24.de/out/pictures/generated/product/1/224_224_90/spreewald_pusztasalat_330_g.jpg"
            ],
            "ItemTitle": "Spreewald Puszta-Salat 330G",
            "ItemPrice": "1,09€",
            "ItemUnit": "5,74€/kg",
            "local_image_path": "Lebensmittel/Konserven/spreewald_pusztasalat_330_g.jpg"
          },
          {
            "image_urls": [
              "https://www.edeka24.de/out/pictures/generated/product/1/224_224_90/msc_ethunffilolivoel_185g.jpg"
            ],
            "ItemTitle": "EDEKA Thunfischfilets in Olivenöl 185G",
            "ItemPrice": "2,79€",
            "ItemUnit": "15,08€/kg",
            "local_image_path": "Lebensmittel/Konserven/msc_ethunffilolivoel_185g.jpg"
          },
          {
            "image_urls": [
              "https://www.edeka24.de/out/pictures/generated/product/1/224_224_90/edekamandarin-orangen.jpg"
            ],
            "ItemTitle": "EDEKA Mandarin-Orangen leicht gezuckert große Dose 850G",
            "ItemPrice": "4,29€",
            "ItemUnit": "8,94€/kg",
            "local_image_path": "Lebensmittel/Konserven/edekamandarin-orangen.jpg"
          },
          {
            "image_urls": [
              "https://www.edeka24.de/out/pictures/generated/product/1/224_224_90/edeka_gemsemais_kleine_dose.jpg"
            ],
            "ItemTitle": "EDEKA Gemüsemais 150G",
            "ItemPrice": "0,89€",
            "ItemUnit": "6,36€/kg",
            "local_image_path": "Lebensmittel/Konserven/edeka_gemsemais_kleine_dose.jpg"
          },
          {
            "image_urls": [
              "https://www.edeka24.de/out/pictures/generated/product/1/224_224_90/kidneybohnenedeka-2.png"
            ],
            "ItemTitle": "EDEKA Kidney-Bohnen dunkelrot 400G",
            "ItemPrice": "1,39€",
            "ItemUnit": "5,25€/kg",
            "local_image_path": "Lebensmittel/Konserven/kidneybohnenedeka-2.png"
          },
          {
            "image_urls": [
              "https://www.edeka24.de/out/pictures/generated/product/1/224_224_90/schwarzwaldhof_vesperspeck_175g.jpg"
            ],
            "ItemTitle": "Schwarzwaldhof Vesperspeck 175G",
            "ItemPrice": "4,79€",
            "ItemUnit": "27,37€/kg",
            "local_image_path": "Lebensmittel/Konserven/schwarzwaldhof_vesperspeck_175g.jpg"
          },
          {
            "image_urls": [
              "https://www.edeka24.de/out/pictures/generated/product/1/224_224_90/zimmermann_mnchner_weiwrste_4_stck.jpg"
            ],
            "ItemTitle": "Zimmermann Münchner Weißwürste 530G",
            "ItemPrice": "5,99€",
            "ItemUnit": "23,96€/kg",
            "local_image_path": "Lebensmittel/Konserven/zimmermann_mnchner_weiwrste_4_stck.jpg"
          },
          {
            "image_urls": [
              "https://www.edeka24.de/out/pictures/generated/product/1/224_224_90/tulip_corned_beef_340g.jpg"
            ],
            "ItemTitle": "Tulip Corned Beef 340G",
            "ItemPrice": "4,99€",
            "ItemUnit": "14,68€/kg",
            "local_image_path": "Lebensmittel/Konserven/tulip_corned_beef_340g.jpg"
          },
          {
            "image_urls": [
              "https://www.edeka24.de/out/pictures/generated/product/1/224_224_90/edeka_schnittbohnen_sehr_fein_660_g.jpg"
            ],
            "ItemTitle": "EDEKA Schnittbohnen sehr fein 660G",
            "ItemPrice": "1,59€",
            "ItemUnit": "4,82€/kg",
            "local_image_path": "Lebensmittel/Konserven/edeka_schnittbohnen_sehr_fein_660_g.jpg"
          },
          {
            "image_urls": [
              "https://www.edeka24.de/out/pictures/generated/product/1/224_224_90/bonduelle_mhrchen_feinste_auslese_200_g.jpg"
            ],
            "ItemTitle": "Bonduelle Möhrchen zart und extra fein 200G",
            "ItemPrice": "1,39€",
            "ItemUnit": "10,69€/kg",
            "local_image_path": "Lebensmittel/Konserven/bonduelle_mhrchen_feinste_auslese_200_g.jpg"
          },
          {
            "image_urls": [
              "https://www.edeka24.de/out/pictures/generated/product/1/224_224_90/spreewald_paprika_in_streifen_320g.jpg"
            ],
            "ItemTitle": "Spreewald Paprika in Streifen 320G",
            "ItemPrice": "1,19€",
            "ItemUnit": "7,21€/kg",
            "local_image_path": "Lebensmittel/Konserven/spreewald_paprika_in_streifen_320g.jpg"
          },
          {
            "image_urls": [
              "https://www.edeka24.de/out/pictures/generated/product/1/224_224_90/msc_gutampampgamp220nstig_thunfischsalat_bulgur_160g.jpg"
            ],
            "ItemTitle": "Gut & Günstig Thunfischsalat Bulgur 160G",
            "ItemPrice": "1,69€",
            "ItemUnit": "10,56€/kg",
            "local_image_path": "Lebensmittel/Konserven/msc_gutampampgamp220nstig_thunfischsalat_bulgur_160g.jpg"
          },
          {
            "image_urls": [
              "https://www.edeka24.de/out/pictures/generated/product/1/224_224_90/edeka_baked_beans_400g.jpg"
            ],
            "ItemTitle": "EDEKA Baked Beans 400G",
            "ItemPrice": "1,39€",
            "ItemUnit": "3,48€/kg",
            "local_image_path": "Lebensmittel/Konserven/edeka_baked_beans_400g.jpg"
          },
          {
            "image_urls": [
              "https://www.edeka24.de/out/pictures/generated/product/1/224_224_90/khne_gewrzgurken_670_g.jpg"
            ],
            "ItemTitle": "Kühne Gewürzgurken 670G",
            "ItemPrice": "2,39€",
            "ItemUnit": "6,64€/kg",
            "local_image_path": "Lebensmittel/Konserven/khne_gewrzgurken_670_g.jpg"
          },
          {
            "image_urls": [
              "https://www.edeka24.de/out/pictures/generated/product/1/224_224_90/edeka_tortenpfirsiche_in_schnitten_gezuckert_klein.jpg"
            ],
            "ItemTitle": "EDEKA Tortenpfirsiche in Schnitten gezuckert klein 225G",
            "ItemPrice": "1,49€",
            "ItemUnit": "11,92€/kg",
            "local_image_path": "Lebensmittel/Konserven/edeka_tortenpfirsiche_in_schnitten_gezuckert_klein.jpg"
          },
          {
            "image_urls": [
              "https://www.edeka24.de/out/pictures/generated/product/1/224_224_90/bio_swh_landjaeger_2x75g.jpg"
            ],
            "ItemTitle": "Schwarzwaldhof Bio Landjäger 150G",
            "ItemPrice": "3,79€",
            "ItemUnit": "25,27€/kg",
            "local_image_path": "Lebensmittel/Konserven/bio_swh_landjaeger_2x75g.jpg"
          },
          {
            "image_urls": [
              "https://www.edeka24.de/out/pictures/generated/product/1/224_224_90/edekafruchtcocktail.jpg"
            ],
            "ItemTitle": "EDEKA 5-Fruchtcocktail gezuckert 225G",
            "ItemPrice": "1,19€",
            "ItemUnit": "8,50€/kg",
            "local_image_path": "Lebensmittel/Konserven/edekafruchtcocktail.jpg"
          },
          {
            "image_urls": [
              "https://www.edeka24.de/out/pictures/generated/product/1/224_224_90/edeka_champignons_1_wahl_in_scheiben_280_g.jpg"
            ],
            "ItemTitle": "EDEKA Champignons 1. Wahl in Scheiben 280G",
            "ItemPrice": "1,99€",
            "ItemUnit": "11,71€/kg",
            "local_image_path": "Lebensmittel/Konserven/edeka_champignons_1_wahl_in_scheiben_280_g.jpg"
          },
          {
            "image_urls": [
              "https://www.edeka24.de/out/pictures/generated/product/1/224_224_90/edeka_kidneybohnen_mit_mais_in_kramp228uterdressing_160g.jpg"
            ],
            "ItemTitle": "EDEKA Snack This! Kidneybohnen mit Mais in Kräuterdressing 160G",
            "ItemPrice": "1,59€",
            "ItemUnit": "9,94€/kg",
            "local_image_path": "Lebensmittel/Konserven/edeka_kidneybohnen_mit_mais_in_kramp228uterdressing_160g.jpg"
          },
          {
            "image_urls": [
              "https://www.edeka24.de/out/pictures/generated/product/1/224_224_90/bio_edeka_schinkenwurst_200g.jpg"
            ],
            "ItemTitle": "EDEKA Bio Schinkenwurst 200G",
            "ItemPrice": "3,29€",
            "ItemUnit": "16,45€/kg",
            "local_image_path": "Lebensmittel/Konserven/bio_edeka_schinkenwurst_200g.jpg"
          },
          {
            "image_urls": [
              "https://www.edeka24.de/out/pictures/generated/product/1/224_224_90/bio_alnatura_rote_bete_330g.jpg"
            ],
            "ItemTitle": "Alnatura Bio Rote Bete 330G",
            "ItemPrice": "1,39€",
            "ItemUnit": "6,32€/kg",
            "local_image_path": "Lebensmittel/Konserven/bio_alnatura_rote_bete_330g.jpg"
          },
          {
            "image_urls": [
              "https://www.edeka24.de/out/pictures/generated/product/1/224_224_90/echt_hllische_bio_gutsleberwurst_200_g(1).jpg"
            ],
            "ItemTitle": "Bäuerliche Erzeugergemeinschaft Schwäbisch Hall Bio-Gutsleberwurst 200G",
            "ItemPrice": "4,49€",
            "ItemUnit": "22,45€/kg",
            "local_image_path": "Bio-Produkte/Bio Marken/echt_hllische_bio_gutsleberwurst_200_g(1).jpg"
          },
          {
            "image_urls": [
              "https://www.edeka24.de/out/pictures/generated/product/1/224_224_90/schwarzwaldhof_schwarzwlder_schinken_vesperscheibe.jpg"
            ],
            "ItemTitle": "Schwarzwaldhof Schwarzwälder Schinken Vesperscheibe 350G",
            "ItemPrice": "7,49€",
            "ItemUnit": "21,40€/kg",
            "local_image_path": "Lebensmittel/Konserven/schwarzwaldhof_schwarzwlder_schinken_vesperscheibe.jpg"
          },
          {
            "image_urls": [
              "https://www.edeka24.de/out/pictures/generated/product/1/224_224_90/msc_edeka_thunfischfilets_in_eigenem_saft_und_aufguss_185g.jpg"
            ],
            "ItemTitle": "EDEKA Thunfischfilets in eigenem Saft und Aufguss 185G",
            "ItemPrice": "2,79€",
            "ItemUnit": "21,46€/kg",
            "local_image_path": "Lebensmittel/Konserven/msc_edeka_thunfischfilets_in_eigenem_saft_und_aufguss_185g.jpg"
          },
          {
            "image_urls": [
              "https://www.edeka24.de/out/pictures/generated/product/1/224_224_90/bondugrbohaus800.jpg"
            ],
            "ItemTitle": "Bonduelle Grüne Bohnen Feine Auslese 800G",
            "ItemPrice": "2,39€",
            "ItemUnit": "5,43€/kg",
            "local_image_path": "Lebensmittel/Konserven/bondugrbohaus800.jpg"
          },
          {
            "image_urls": [
              "https://www.edeka24.de/out/pictures/generated/product/1/224_224_90/bio_alnatura_gewamp252rzgurken_ungesamp252amp223t_670g.jpg"
            ],
            "ItemTitle": "Alnatura Bio Gewürzgurken ohne Zuckerzusatz 670G",
            "ItemPrice": "2,99€",
            "ItemUnit": "8,31€/kg",
            "local_image_path": "Lebensmittel/Konserven/bio_alnatura_gewamp252rzgurken_ungesamp252amp223t_670g.jpg"
          },
          {
            "image_urls": [
              "https://www.edeka24.de/out/pictures/generated/product/1/224_224_90/bifi_roll_3x45g.jpg"
            ],
            "ItemTitle": "BiFi Roll 3ST 135G",
            "ItemPrice": "3,29€",
            "ItemUnit": "24,37€/kg",
            "local_image_path": "Lebensmittel/Konserven/bifi_roll_3x45g.jpg"
          },
          {
            "image_urls": [
              "https://www.edeka24.de/out/pictures/generated/product/1/224_224_90/edekawilliamsbirneviertelfrucht.jpg"
            ],
            "ItemTitle": "EDEKA Williams Christ Birnen gezuckert viertel Frucht 225G",
            "ItemPrice": "1,39€",
            "ItemUnit": "12,09€/kg",
            "local_image_path": "Lebensmittel/Konserven/edekawilliamsbirneviertelfrucht.jpg"
          },
          {
            "image_urls": [
              "https://www.edeka24.de/out/pictures/generated/product/1/224_224_90/edeka_finger_mhrchen_extra_fein_330g.jpg"
            ],
            "ItemTitle": "EDEKA Finger Möhrchen extra fein 330G",
            "ItemPrice": "1,09€",
            "ItemUnit": "4,95€/kg",
            "local_image_path": "Lebensmittel/Konserven/edeka_finger_mhrchen_extra_fein_330g.jpg"
          },
          {
            "image_urls": [
              "https://www.edeka24.de/out/pictures/generated/product/1/224_224_90/swh_powerlandjaeger_2p160g.jpg"
            ],
            "ItemTitle": "Schwarzwald-Power Echt Schwarzwälder Landjäger 160G",
            "ItemPrice": "3,79€",
            "ItemUnit": "23,69€/kg",
            "local_image_path": "Lebensmittel/Konserven/swh_powerlandjaeger_2p160g.jpg"
          },
          {
            "image_urls": [
              "https://www.edeka24.de/out/pictures/generated/product/1/224_224_90/alnaturaerbsen.jpg"
            ],
            "ItemTitle": "Alnatura Bio Erbsen extra fein 350G",
            "ItemPrice": "1,59€",
            "ItemUnit": "6,91€/kg",
            "local_image_path": "Lebensmittel/Konserven/alnaturaerbsen.jpg"
          },
          {
            "image_urls": [
              "https://www.edeka24.de/out/pictures/generated/product/1/224_224_90/tulip_hamp228hnchen_framp252hstamp252ckfleisch_340g.jpg"
            ],
            "ItemTitle": "Tulip Hähnchen Frühstückfleisch 340G",
            "ItemPrice": "3,79€",
            "ItemUnit": "11,15€/kg",
            "local_image_path": "Lebensmittel/Konserven/tulip_hamp228hnchen_framp252hstamp252ckfleisch_340g.jpg"
          },
          {
            "image_urls": [
              "https://www.edeka24.de/out/pictures/generated/product/1/224_224_90/dittmankapern.jpg"
            ],
            "ItemTitle": "Dittmann Kapern mild-würzig eingelegt 90G",
            "ItemPrice": "2,19€",
            "ItemUnit": "36,50€/kg",
            "local_image_path": "Lebensmittel/Konserven/dittmankapern.jpg"
          },
          {
            "image_urls": [
              "https://www.edeka24.de/out/pictures/generated/product/1/224_224_90/alnatura_bio_erbsen_amp_karotten_340g.jpg"
            ],
            "ItemTitle": "Alnatura Bio Erbsen & Karotten 340G",
            "ItemPrice": "1,49€",
            "ItemUnit": "6,77€/kg",
            "local_image_path": "Lebensmittel/Konserven/alnatura_bio_erbsen_amp_karotten_340g.jpg"
          },
          {
            "image_urls": [
              "https://www.edeka24.de/out/pictures/generated/product/1/224_224_90/meica_geflamp252gelwamp252rstchen6st_extra_zart_380g.jpg"
            ],
            "ItemTitle": "Meica Geflügel-Würstchen 380G",
            "ItemPrice": "3,79€",
            "ItemUnit": "21,06€/kg",
            "local_image_path": "Lebensmittel/Konserven/meica_geflamp252gelwamp252rstchen6st_extra_zart_380g.jpg"
          },
          {
            "image_urls": [
              "https://www.edeka24.de/out/pictures/generated/product/1/224_224_90/edeka_gourmet_apfelrotkohl_mit_gamp228nseschmalz_400g.jpg"
            ],
            "ItemTitle": "EDEKA Gourmet Apfelrotkohl mit Gänseschmalz 400G",
            "ItemPrice": "1,29€",
            "ItemUnit": "3,23€/kg",
            "local_image_path": "Lebensmittel/Konserven/edeka_gourmet_apfelrotkohl_mit_gamp228nseschmalz_400g.jpg"
          },
          {
            "image_urls": [
              "https://www.edeka24.de/out/pictures/generated/product/1/224_224_90/msc_edeka_thunfischfilets_in_olivenamp246l_2x80g.jpg"
            ],
            "ItemTitle": "Edeka MSC Thunfischfilets in Olivenöl 2x 80G",
            "ItemPrice": "2,79€",
            "ItemUnit": "17,44€/kg",
            "local_image_path": "Lebensmittel/Konserven/msc_edeka_thunfischfilets_in_olivenamp246l_2x80g.jpg"
          },
          {
            "image_urls": [
              "https://www.edeka24.de/out/pictures/generated/product/1/224_224_90/delta_5fruchtcocktail_leicht_gezuckert_410g.jpg"
            ],
            "ItemTitle": "Delta 5-Frucht-Cocktail leicht gezuckert 410G",
            "ItemPrice": "1,09€",
            "ItemUnit": "4,54€/kg",
            "local_image_path": "Lebensmittel/Konserven/delta_5fruchtcocktail_leicht_gezuckert_410g.jpg"
          },
          {
            "image_urls": [
              "https://www.edeka24.de/out/pictures/generated/product/1/224_224_90/espargelspitzen_280g.jpg"
            ],
            "ItemTitle": "EDEKA Spargel Spitzen 280G",
            "ItemPrice": "2,89€",
            "ItemUnit": "17,00€/kg",
            "local_image_path": "Lebensmittel/Konserven/espargelspitzen_280g.jpg"
          },
          {
            "image_urls": [
              "https://www.edeka24.de/out/pictures/generated/product/1/224_224_90/bio_edeka_bierschinken_200g.jpg"
            ],
            "ItemTitle": "EDEKA Bio Bierschinken 200G",
            "ItemPrice": "3,29€",
            "ItemUnit": "16,45€/kg",
            "local_image_path": "Lebensmittel/Konserven/bio_edeka_bierschinken_200g.jpg"
          },
          {
            "image_urls": [
              "https://www.edeka24.de/out/pictures/generated/product/1/224_224_90/bio_alnatura_apfelmark_360g(1).jpg"
            ],
            "ItemTitle": "Alnatura Bio Apfelmark 360G",
            "ItemPrice": "1,19€",
            "ItemUnit": "3,31€/kg",
            "local_image_path": "Lebensmittel/Konserven/bio_alnatura_apfelmark_360g(1).jpg"
          },
          {
            "image_urls": [
              "https://www.edeka24.de/out/pictures/generated/product/1/224_224_90/edktopfiischnigez.jpg"
            ],
            "ItemTitle": "EDEKA Tortenpfirsiche in Schnitten gezuckert 820G",
            "ItemPrice": "2,79€",
            "ItemUnit": "5,58€/kg",
            "local_image_path": "Lebensmittel/Konserven/edktopfiischnigez.jpg"
          },
          {
            "image_urls": [
              "https://www.edeka24.de/out/pictures/generated/product/1/224_224_90/edekawcbgro.jpg"
            ],
            "ItemTitle": "EDEKA Williams Christ Birnen gezuckert halbe Frucht 820 g",
            "ItemPrice": "3,29€",
            "ItemUnit": "7,15€/kg",
            "local_image_path": "Lebensmittel/Konserven/edekawcbgro.jpg"
          },
          {
            "image_urls": [
              "https://www.edeka24.de/out/pictures/generated/product/1/224_224_90/edeka_apfelmus_ohne_zuckerzusatz_710g.jpg"
            ],
            "ItemTitle": "EDEKA Apfelmus ohne Zuckerzusatz 710G",
            "ItemPrice": "1,99€",
            "ItemUnit": "2,80€/kg",
            "local_image_path": "Lebensmittel/Konserven/edeka_apfelmus_ohne_zuckerzusatz_710g.jpg"
          },
          {
            "image_urls": [
              "https://www.edeka24.de/out/pictures/generated/product/1/224_224_90/bio_alnatura_cornichons330g.jpg"
            ],
            "ItemTitle": "Alnatura Bio Cornichons 330G",
            "ItemPrice": "2,79€",
            "ItemUnit": "14,68€/kg",
            "local_image_path": "Lebensmittel/Konserven/bio_alnatura_cornichons330g.jpg"
          },
          {
            "image_urls": [
              "https://www.edeka24.de/out/pictures/generated/product/1/224_224_90/schwarzwaldhof_landjger_6_paar.jpg"
            ],
            "ItemTitle": "Schwarzwaldhof Landjäger 6 Paar 480G",
            "ItemPrice": "8,49€",
            "ItemUnit": "17,69€/kg",
            "local_image_path": "Lebensmittel/Konserven/schwarzwaldhof_landjger_6_paar.jpg"
          },
          {
            "image_urls": [
              "https://www.edeka24.de/out/pictures/generated/product/1/224_224_90/bio_alnatura_origin_oliven_ohne_stein_350g.jpg"
            ],
            "ItemTitle": "Alnatura Bio Origin Oliven ohne Stein 350G",
            "ItemPrice": "2,99€",
            "ItemUnit": "16,61€/kg",
            "local_image_path": "Lebensmittel/Konserven/bio_alnatura_origin_oliven_ohne_stein_350g.jpg"
          },
          {
            "image_urls": [
              "https://www.edeka24.de/out/pictures/generated/product/1/224_224_90/sellerie.jpg"
            ],
            "ItemTitle": "Spreewald Sellerie-Salat 320G",
            "ItemPrice": "1,09€",
            "ItemUnit": "5,74€/kg",
            "local_image_path": "Lebensmittel/Konserven/sellerie.jpg"
          },
          {
            "image_urls": [
              "https://www.edeka24.de/out/pictures/generated/product/1/224_224_90/hawestaheringsfilettomate-kruter.jpg"
            ],
            "ItemTitle": "Hawesta Heringsfilets in Tomaten-Creme \"Heimische Gartenkräuter\" 200G",
            "ItemPrice": "2,19€",
            "ItemUnit": "10,95€/kg",
            "local_image_path": "Lebensmittel/Konserven/hawestaheringsfilettomate-kruter.jpg"
          },
          {
            "image_urls": [
              "https://www.edeka24.de/out/pictures/generated/product/1/224_224_90/eknobgeha.jpg"
            ],
            "ItemTitle": "EDEKA Knoblauch gehackt in Öl mit Chili 95G",
            "ItemPrice": "1,69€",
            "ItemUnit": "28,17€/kg",
            "local_image_path": "Lebensmittel/Konserven/eknobgeha.jpg"
          },
          {
            "image_urls": [
              "https://www.edeka24.de/out/pictures/generated/product/1/224_224_90/hengstenberg_sandwich_gurken_330_g.jpg"
            ],
            "ItemTitle": "Hengstenberg Sandwich Gurken 330G",
            "ItemPrice": "2,29€",
            "ItemUnit": "12,38€/kg",
            "local_image_path": "Lebensmittel/Konserven/hengstenberg_sandwich_gurken_330_g.jpg"
          },
          {
            "image_urls": [
              "https://www.edeka24.de/out/pictures/generated/product/1/224_224_90/echt_hllische_bio_bierschinken_200_g.jpg"
            ],
            "ItemTitle": "Bäuerliche Erzeugergemeinschaft Schwäbisch Hall Bio-Bierschinken 200G",
            "ItemPrice": "4,49€",
            "ItemUnit": "22,45€/kg",
            "local_image_path": "Bio-Produkte/Bio Marken/echt_hllische_bio_bierschinken_200_g.jpg"
          },
          {
            "image_urls": [
              "https://www.edeka24.de/out/pictures/generated/product/1/224_224_90/edeka_ananas_ganze_scheiben_leicht_gezuckert_836g.jpg"
            ],
            "ItemTitle": "EDEKA Ananas ganze Scheiben leicht gezuckert 836G",
            "ItemPrice": "3,09€",
            "ItemUnit": "6,27€/kg",
            "local_image_path": "Lebensmittel/Konserven/edeka_ananas_ganze_scheiben_leicht_gezuckert_836g.jpg"
          },
          {
            "image_urls": [
              "https://www.edeka24.de/out/pictures/generated/product/1/224_224_90/bio_edeka_griechische_oliven_gefamp252llt_mit_mandeln_350g.jpg"
            ],
            "ItemTitle": "EDEKA Bio Oliven gefüllt mit Mandeln 350G",
            "ItemPrice": "2,79€",
            "ItemUnit": "13,95€/kg",
            "local_image_path": "Lebensmittel/Konserven/bio_edeka_griechische_oliven_gefamp252llt_mit_mandeln_350g.jpg"
          },
          {
            "image_urls": [
              "https://www.edeka24.de/out/pictures/generated/product/1/224_224_90/espargelabschnmk280g.jpg"
            ],
            "ItemTitle": "EDEKA Spargel Abschnitte mit Köpfen 280G",
            "ItemPrice": "2,29€",
            "ItemUnit": "13,47€/kg",
            "local_image_path": "Lebensmittel/Konserven/espargelabschnmk280g.jpg"
          },
          {
            "image_urls": [
              "https://www.edeka24.de/out/pictures/generated/product/1/224_224_90/rfkielersprotten.jpg"
            ],
            "ItemTitle": "Rügen Fisch Kieler Sprotten 106G",
            "ItemPrice": "1,89€",
            "ItemUnit": "17,83€/kg",
            "local_image_path": "Lebensmittel/Konserven/rfkielersprotten.jpg"
          },
          {
            "image_urls": [
              "https://www.edeka24.de/out/pictures/generated/product/1/224_224_90/appel-zarte-sardinen-madeleine-rot.jpg"
            ],
            "ItemTitle": "Appel Zarte Sardinen Madeleine Rot 105G",
            "ItemPrice": "2,69€",
            "ItemUnit": "25,62€/kg",
            "local_image_path": "Lebensmittel/Konserven/appel-zarte-sardinen-madeleine-rot.jpg"
          },
          {
            "image_urls": [
              "https://www.edeka24.de/out/pictures/generated/product/1/224_224_90/meica_6_deutschlnder_wrstchen.jpg"
            ],
            "ItemTitle": "Meica 6 Deutschländer Würstchen 660G",
            "ItemPrice": "5,49€",
            "ItemUnit": "16,64€/kg",
            "local_image_path": "Lebensmittel/Konserven/meica_6_deutschlnder_wrstchen.jpg"
          },
          {
            "image_urls": [
              "https://www.edeka24.de/out/pictures/generated/product/1/224_224_90/dittmann_pfefferonen_mildpikant_500g.jpg"
            ],
            "ItemTitle": "Dittmann Pfefferonen mild-pikant 500G",
            "ItemPrice": "2,49€",
            "ItemUnit": "12,45€/kg",
            "local_image_path": "Lebensmittel/Konserven/dittmann_pfefferonen_mildpikant_500g.jpg"
          },
          {
            "image_urls": [
              "https://www.edeka24.de/out/pictures/generated/product/1/224_224_90/egormetsauerkraut.jpg"
            ],
            "ItemTitle": "EDEKA Gourmet Sauerkraut 400G",
            "ItemPrice": "1,19€",
            "ItemUnit": "3,17€/kg",
            "local_image_path": "Lebensmittel/Konserven/egormetsauerkraut.jpg"
          },
          {
            "image_urls": [
              "https://www.edeka24.de/out/pictures/generated/product/1/224_224_90/meica_8_saftbockwurst.jpg"
            ],
            "ItemTitle": "Meica 8 Saftbockwurst 540G",
            "ItemPrice": "5,29€",
            "ItemUnit": "14,69€/kg",
            "local_image_path": "Lebensmittel/Konserven/meica_8_saftbockwurst.jpg"
          },
          {
            "image_urls": [
              "https://www.edeka24.de/out/pictures/generated/product/1/224_224_90/spreewaldrotebeete.jpg"
            ],
            "ItemTitle": "Spreewald Rote Bete 330G",
            "ItemPrice": "1,05€",
            "ItemUnit": "4,77€/kg",
            "local_image_path": "Lebensmittel/Konserven/spreewaldrotebeete.jpg"
          },
          {
            "image_urls": [
              "https://www.edeka24.de/out/pictures/generated/product/1/224_224_90/bio_alnatura_origin_oliven_mix_mit_kramp228utern_180g.jpg"
            ],
            "ItemTitle": "Alnatura Origin Bio Oliven Mix mit Kräutern 180G",
            "ItemPrice": "3,79€",
            "ItemUnit": "21,06€/kg",
            "local_image_path": "Lebensmittel/Konserven/bio_alnatura_origin_oliven_mix_mit_kramp228utern_180g.jpg"
          },
          {
            "image_urls": [
              "https://www.edeka24.de/out/pictures/generated/product/1/224_224_90/dietz_leberwurst_200g.jpg"
            ],
            "ItemTitle": "Dietz Hausmacher Leberwurst 200G",
            "ItemPrice": "4,29€",
            "ItemUnit": "21,45€/kg",
            "local_image_path": "Lebensmittel/Konserven/dietz_leberwurst_200g.jpg"
          },
          {
            "image_urls": [
              "https://www.edeka24.de/out/pictures/generated/product/1/224_224_90/saupiquet_msc_thunfischsalat_mexicana_160_g.jpg"
            ],
            "ItemTitle": "Saupiquet Thunfisch-Salat Mexicana 160G",
            "ItemPrice": "3,19€",
            "ItemUnit": "19,94€/kg",
            "local_image_path": "Lebensmittel/Konserven/saupiquet_msc_thunfischsalat_mexicana_160_g.jpg"
          },
          {
            "image_urls": [
              "https://www.edeka24.de/out/pictures/generated/product/1/224_224_90/bifirollturkey.jpg"
            ],
            "ItemTitle": "BiFi Roll Turkey 3x 45G",
            "ItemSalePrice": "2,60€",
            "ItemUnit": "19,26€/kg",
            "local_image_path": "Lebensmittel/Konserven/bifirollturkey.jpg"
          },
          {
            "image_urls": [
              "https://www.edeka24.de/out/pictures/generated/product/1/224_224_90/edeka_kichererbsenbohnenmix_200g.jpg"
            ],
            "ItemTitle": "EDEKA Kichererbsen Bohnen Mix 200G",
            "ItemPrice": "1,19€",
            "ItemUnit": "9,15€/kg",
            "local_image_path": "Lebensmittel/Konserven/edeka_kichererbsenbohnenmix_200g.jpg"
          },
          {
            "image_urls": [
              "https://www.edeka24.de/out/pictures/generated/product/1/224_224_90/4104420033788alnaturabioapfelmarkmitbanane.png"
            ],
            "ItemTitle": "Alnatura Bio Apfelmark mit Banane 360G",
            "ItemPrice": "1,59€",
            "ItemUnit": "4,42€/kg",
            "local_image_path": "Bio-Produkte/Lebensmittel von Alnatura/4104420033788alnaturabioapfelmarkmitbanane.png"
          },
          {
            "image_urls": [
              "https://www.edeka24.de/out/pictures/generated/product/1/224_224_90/meica-putenfleisch-200g.jpg"
            ],
            "ItemTitle": "Meica Putenfleisch in Aspik 200g",
            "ItemPrice": "3,49€",
            "ItemUnit": "17,45€/kg",
            "local_image_path": "Lebensmittel/Konserven/meica-putenfleisch-200g.jpg"
          },
          {
            "image_urls": [
              "https://www.edeka24.de/out/pictures/generated/product/1/224_224_90/hengstenberg_wurstsalatgurken_330g.jpg"
            ],
            "ItemTitle": "Hengstenberg Wurstsalat-Gurken 330G",
            "ItemPrice": "2,29€",
            "ItemUnit": "12,38€/kg",
            "local_image_path": "Lebensmittel/Konserven/hengstenberg_wurstsalatgurken_330g.jpg"
          },
          {
            "image_urls": [
              "https://www.edeka24.de/out/pictures/generated/product/1/224_224_90/khnespecksauerkrautt.jpg"
            ],
            "ItemTitle": "Kühne 2 Minuten Sauerkraut mit feinen Schinkenwürfen 400G",
            "ItemPrice": "1,89€",
            "ItemUnit": "4,73€/kg",
            "local_image_path": "Lebensmittel/Konserven/khnespecksauerkrautt.jpg"
          },
          {
            "image_urls": [
              "https://www.edeka24.de/out/pictures/generated/product/1/224_224_90/khnekirschgrtze.jpg"
            ],
            "ItemTitle": "Kühne Kirsch Grütze 375G",
            "ItemPrice": "2,19€",
            "ItemUnit": "5,84€/kg",
            "local_image_path": "Lebensmittel/Konserven/khnekirschgrtze.jpg"
          },
          {
            "image_urls": [
              "https://www.edeka24.de/out/pictures/generated/product/1/224_224_90/appel_zarte_heringsfilets_in_tomatencreme_200g.jpg"
            ],
            "ItemTitle": "Appel zarte Heringsfilets in Tomaten-Creme 200G",
            "ItemPrice": "2,49€",
            "ItemUnit": "12,45€/kg",
            "local_image_path": "Lebensmittel/Konserven/appel_zarte_heringsfilets_in_tomatencreme_200g.jpg"
          },
          {
            "image_urls": [
              "https://www.edeka24.de/out/pictures/generated/product/1/224_224_90/edeka_lychees_entsteinte_framp252chte_leicht_gezuckert_425g.jpg"
            ],
            "ItemTitle": "EDEKA Lychees entsteint, leicht gezuckert 425G",
            "ItemPrice": "2,19€",
            "ItemUnit": "9,73€/kg",
            "local_image_path": "Lebensmittel/Konserven/edeka_lychees_entsteinte_framp252chte_leicht_gezuckert_425g.jpg"
          },
          {
            "image_urls": [
              "https://www.edeka24.de/out/pictures/generated/product/1/224_224_90/edeka_aprikosen_halbe_frucht_gezuckert_klein.jpg"
            ],
            "ItemTitle": "EDEKA Aprikosen halbe Frucht gezuckert kleine Dose 225G",
            "ItemPrice": "1,39€",
            "ItemUnit": "10,69€/kg",
            "local_image_path": "Lebensmittel/Konserven/edeka_aprikosen_halbe_frucht_gezuckert_klein.jpg"
          },
          {
            "image_urls": [
              "https://www.edeka24.de/out/pictures/generated/product/1/224_224_90/meica_6_wiener_wrstchen.jpg"
            ],
            "ItemTitle": "Meica 6 Wiener Würstchen 540G",
            "ItemPrice": "4,99€",
            "ItemUnit": "19,96€/kg",
            "local_image_path": "Wein/ Spirituosen/Spirituosen/highland_park_18_jahre_single_malt_whisky.jpg"
          },
          {
            "image_urls": [
              "https://www.edeka24.de/out/pictures/generated/product/1/224_224_90/saupiquetthunsalatitalia.jpg"
            ],
            "ItemTitle": "Saupiquet Thunfisch-Salat Italiana 160G",
            "ItemPrice": "3,19€",
            "ItemUnit": "19,94€/kg",
            "local_image_path": "Lebensmittel/Konserven/saupiquetthunsalatitalia.jpg"
          },
          {
            "image_urls": [
              "https://www.edeka24.de/out/pictures/generated/product/1/224_224_90/pick_original_ungarische_salami_tourist_400g.jpg"
            ],
            "ItemTitle": "Pick Original Ungarische Salami 400G",
            "ItemPrice": "11,49€",
            "ItemUnit": "28,73€/kg",
            "local_image_path": "Lebensmittel/Konserven/pick_original_ungarische_salami_tourist_400g.jpg"
          },
          {
            "image_urls": [
              "https://www.edeka24.de/out/pictures/generated/product/1/224_224_90/bio_edeka_bratwurst_200g.jpg"
            ],
            "ItemTitle": "EDEKA Bio Bratwurst 200G",
            "ItemPrice": "3,29€",
            "ItemUnit": "16,45€/kg",
            "local_image_path": "Lebensmittel/Konserven/bio_edeka_bratwurst_200g.jpg"
          },
          {
            "image_urls": [
              "https://www.edeka24.de/out/pictures/generated/product/1/224_224_90/alnaturasauerkraut.jpg"
            ],
            "ItemTitle": "Bio Alnatura Sauerkraut 520G",
            "ItemPrice": "1,39€",
            "ItemUnit": "2,78€/kg",
            "local_image_path": "Lebensmittel/Konserven/alnaturasauerkraut.jpg"
          },
          {
            "image_urls": [
              "https://www.edeka24.de/out/pictures/generated/product/1/224_224_90/alnatura_bio_ganze_tomaten_geschlt_400_g.jpg"
            ],
            "ItemTitle": "Alnatura Bio Ganze Tomaten geschält 400G",
            "ItemPrice": "1,19€",
            "ItemUnit": "4,96€/kg",
            "local_image_path": "Bio-Produkte/Lebensmittel von Alnatura/alnatura_bio_ganze_tomaten_geschlt_400_g.jpg"
          },
          {
            "image_urls": [
              "https://www.edeka24.de/out/pictures/generated/product/1/224_224_90/simondelikatessrindergulasch.jpg"
            ],
            "ItemTitle": "Simon Delikatess Rindergulasch in feiner Sauce 300G",
            "ItemPrice": "3,79€",
            "ItemUnit": "12,63€/kg",
            "local_image_path": "Lebensmittel/Fertiggerichte/simondelikatessrindergulasch.jpg"
          },
          {
            "image_urls": [
              "https://www.edeka24.de/out/pictures/generated/product/1/224_224_90/edeka_himbeeren_gezuckert.jpg"
            ],
            "ItemTitle": "EDEKA Himbeeren gezuckert 340G",
            "ItemPrice": "2,29€",
            "ItemUnit": "17,62€/kg",
            "local_image_path": "Lebensmittel/Konserven/edeka_himbeeren_gezuckert.jpg"
          },
          {
            "image_urls": [
              "https://www.edeka24.de/out/pictures/generated/product/1/224_224_90/4104420034167alnaturakichererbsen.png"
            ],
            "ItemTitle": "Alnatura Bio Kichererbsen 350G",
            "ItemPrice": "1,49€",
            "ItemUnit": "6,77€/kg",
            "local_image_path": "Bio-Produkte/Lebensmittel von Alnatura/4104420034167alnaturakichererbsen.png"
          },
          {
            "image_urls": [
              "https://www.edeka24.de/out/pictures/generated/product/1/224_224_90/bio_alnatura_wild_preiselbeeren_220g.jpg"
            ],
            "ItemTitle": "Alnatura Bio Wild Preiselbeeren 220G",
            "ItemPrice": "2,19€",
            "ItemUnit": "9,95€/kg",
            "local_image_path": "Lebensmittel/Konserven/bio_alnatura_wild_preiselbeeren_220g.jpg"
          },
          {
            "image_urls": [
              "https://www.edeka24.de/out/pictures/generated/product/1/224_224_90/hengstenberg_mildessa_mildes_weinsauerkraut_300_g(1).jpg"
            ],
            "ItemTitle": "Hengstenberg Mildessa Mildes Weinsauerkraut 300G",
            "ItemPrice": "1,59€",
            "ItemUnit": "5,58€/kg",
            "local_image_path": "Wein/ Spirituosen/Spirituosen/highland_park_18_jahre_single_malt_whisky.jpg"
          },
          {
            "image_urls": [
              "https://www.edeka24.de/out/pictures/generated/product/1/224_224_90/hengstenberg_mildessa_rotkraut_300_g.jpg"
            ],
            "ItemTitle": "Hengstenberg Mildessa Rotkraut 300G",
            "ItemPrice": "1,69€",
            "ItemUnit": "5,93€/kg",
            "local_image_path": "Wein/ Spirituosen/Spirituosen/highland_park_18_jahre_single_malt_whisky.jpg"
          },
          {
            "image_urls": [
              "https://www.edeka24.de/out/pictures/generated/product/1/224_224_90/kuerote_bete_scheiben_670g.jpg"
            ],
            "ItemTitle": "Kühne Rote Bete in Scheiben 670G",
            "ItemPrice": "2,39€",
            "ItemUnit": "5,56€/kg",
            "local_image_path": "Lebensmittel/Konserven/kuerote_bete_scheiben_670g.jpg"
          },
          {
            "image_urls": [
              "https://www.edeka24.de/out/pictures/generated/product/1/224_224_90/echt_hllische_bio_leberwurst_200_g(1).jpg"
            ],
            "ItemTitle": "Bäuerliche Erzeugergemeinschaft Schwäbisch Hall Bio-Leberwurst 200G",
            "ItemPrice": "4,49€",
            "ItemUnit": "22,45€/kg",
            "local_image_path": "Bio-Produkte/Bio Marken/echt_hllische_bio_leberwurst_200_g(1).jpg"
          },
          {
            "image_urls": [
              "https://www.edeka24.de/out/pictures/generated/product/1/224_224_90/echt_hllische_bio_lyoner_200_g.jpg"
            ],
            "ItemTitle": "Bäuerliche Erzeugergemeinschaft Schwäbisch Hall Bio-Lyoner 200G",
            "ItemPrice": "4,49€",
            "ItemUnit": "22,45€/kg",
            "local_image_path": "Bio-Produkte/Bio Marken/echt_hllische_bio_lyoner_200_g.jpg"
          },
          {
            "image_urls": [
              "https://www.edeka24.de/out/pictures/generated/product/1/224_224_90/echt_hllische_bio_schinkenwurst_200_g.jpg"
            ],
            "ItemTitle": "Bäuerliche Erzeugergemeinschaft Schwäbisch Hall Bio-Schinkenwurst 200G",
            "ItemPrice": "4,49€",
            "ItemUnit": "22,45€/kg",
            "local_image_path": "Bio-Produkte/Bio Marken/echt_hllische_bio_schinkenwurst_200_g.jpg"
          },
          {
            "image_urls": [
              "https://www.edeka24.de/out/pictures/generated/product/1/224_224_90/alnaturakalamata.jpg"
            ],
            "ItemTitle": "Alnatura Origin Bio Kalamata Oliven ohne Stein 350G",
            "ItemPrice": "3,49€",
            "ItemUnit": "19,39€/kg",
            "local_image_path": "Lebensmittel/Konserven/alnaturakalamata.jpg"
          },
          {
            "image_urls": [
              "https://www.edeka24.de/out/pictures/generated/product/1/224_224_90/4104420033740alnaturabioapfelmarkmitaprikose.png"
            ],
            "ItemTitle": "Alnatura Bio Apfelmark mit Aprikose 360G",
            "ItemPrice": "1,69€",
            "ItemUnit": "4,69€/kg",
            "local_image_path": "Bio-Produkte/Lebensmittel von Alnatura/4104420033740alnaturabioapfelmarkmitaprikose.png"
          },
          {
            "image_urls": [
              "https://www.edeka24.de/out/pictures/generated/product/1/224_224_90/bonduelle_mhrchen_zart_amp_extra_fein_400g.jpg"
            ],
            "ItemTitle": "Bonduelle Möhrchen zart & extra fein 400G",
            "ItemPrice": "1,89€",
            "ItemUnit": "7,13€/kg",
            "local_image_path": "Wein/ Spirituosen/Spirituosen/highland_park_18_jahre_single_malt_whisky.jpg"
          },
          {
            "image_urls": [
              "https://www.edeka24.de/out/pictures/generated/product/1/224_224_90/hengstenberg_burgergurken_330g(1).jpg"
            ],
            "ItemTitle": "Hengstenberg Burger-Gurken 330G",
            "ItemPrice": "2,29€",
            "ItemUnit": "12,38€/kg",
            "local_image_path": "Wein/ Spirituosen/Spirituosen/highland_park_18_jahre_single_malt_whisky.jpg"
          },
          {
            "image_urls": [
              "https://www.edeka24.de/out/pictures/generated/product/1/224_224_90/alnatura_bio_apfelmark_mit_mango_360_g.jpg"
            ],
            "ItemTitle": "Alnatura Bio Apfelmark mit Mango 360G",
            "ItemPrice": "1,89€",
            "ItemUnit": "5,25€/kg",
            "local_image_path": "Bio-Produkte/Lebensmittel von Alnatura/alnatura_bio_apfelmark_mit_mango_360_g.jpg"
          },
          {
            "image_urls": [
              "https://www.edeka24.de/out/pictures/generated/product/1/224_224_90/appel_zarte_heringsfilets_in_eiersenfcreme_200g.jpg"
            ],
            "ItemTitle": "Appel zarte Heringsfilets in Eier-Senf-Creme 200G",
            "ItemPrice": "2,49€",
            "ItemUnit": "12,45€/kg",
            "local_image_path": "Lebensmittel/Konserven/appel_zarte_heringsfilets_in_eiersenfcreme_200g.jpg"
          },
          {
            "image_urls": [
              "https://www.edeka24.de/out/pictures/generated/product/1/224_224_90/uhbiolebenswurst.jpg"
            ],
            "ItemTitle": "Unsere Heimat Bio-Leberwurst 200G",
            "ItemPrice": "3,99€",
            "ItemUnit": "19,95€/kg",
            "local_image_path": "Lebensmittel/Konserven/uhbiolebenswurst.jpg"
          },
          {
            "image_urls": [
              "https://www.edeka24.de/out/pictures/generated/product/1/224_224_90/meica-putenfleisch-200g.jpg"
            ],
            "ItemTitle": "Meica Putenfleisch in Aspik 200g",
            "ItemPrice": "3,49€",
            "ItemUnit": "17,45€/kg",
            "local_image_path": "Lebensmittel/Konserven/meica-putenfleisch-200g.jpg"
          },
          {
            "image_urls": [
              "https://www.edeka24.de/out/pictures/generated/product/1/224_224_90/hengstenberg_wurstsalatgurken_330g.jpg"
            ],
            "ItemTitle": "Hengstenberg Wurstsalat-Gurken 330G",
            "ItemPrice": "2,29€",
            "ItemUnit": "12,38€/kg",
            "local_image_path": "Lebensmittel/Konserven/hengstenberg_wurstsalatgurken_330g.jpg"
          },
          {
            "image_urls": [
              "https://www.edeka24.de/out/pictures/generated/product/1/224_224_90/khnespecksauerkrautt.jpg"
            ],
            "ItemTitle": "Kühne 2 Minuten Sauerkraut mit feinen Schinkenwürfen 400G",
            "ItemPrice": "1,89€",
            "ItemUnit": "4,73€/kg",
            "local_image_path": "Lebensmittel/Konserven/khnespecksauerkrautt.jpg"
          },
          {
            "image_urls": [
              "https://www.edeka24.de/out/pictures/generated/product/1/224_224_90/khnekirschgrtze.jpg"
            ],
            "ItemTitle": "Kühne Kirsch Grütze 375G",
            "ItemPrice": "2,19€",
            "ItemUnit": "5,84€/kg",
            "local_image_path": "Lebensmittel/Konserven/khnekirschgrtze.jpg"
          },
          {
            "image_urls": [
              "https://www.edeka24.de/out/pictures/generated/product/1/224_224_90/appel_zarte_heringsfilets_in_tomatencreme_200g.jpg"
            ],
            "ItemTitle": "Appel zarte Heringsfilets in Tomaten-Creme 200G",
            "ItemPrice": "2,49€",
            "ItemUnit": "12,45€/kg",
            "local_image_path": "Lebensmittel/Konserven/appel_zarte_heringsfilets_in_tomatencreme_200g.jpg"
          },
          {
            "image_urls": [
              "https://www.edeka24.de/out/pictures/generated/product/1/224_224_90/edeka_lychees_entsteinte_framp252chte_leicht_gezuckert_425g.jpg"
            ],
            "ItemTitle": "EDEKA Lychees entsteint, leicht gezuckert 425G",
            "ItemPrice": "2,19€",
            "ItemUnit": "9,73€/kg",
            "local_image_path": "Lebensmittel/Konserven/edeka_lychees_entsteinte_framp252chte_leicht_gezuckert_425g.jpg"
          },
          {
            "image_urls": [
              "https://www.edeka24.de/out/pictures/generated/product/1/224_224_90/edeka_aprikosen_halbe_frucht_gezuckert_klein.jpg"
            ],
            "ItemTitle": "EDEKA Aprikosen halbe Frucht gezuckert kleine Dose 225G",
            "ItemPrice": "1,39€",
            "ItemUnit": "10,69€/kg",
            "local_image_path": "Lebensmittel/Konserven/edeka_aprikosen_halbe_frucht_gezuckert_klein.jpg"
          },
          {
            "image_urls": [
              "https://www.edeka24.de/out/pictures/generated/product/1/224_224_90/meica_6_wiener_wrstchen.jpg"
            ],
            "ItemTitle": "Meica 6 Wiener Würstchen 540G",
            "ItemPrice": "4,99€",
            "ItemUnit": "19,96€/kg",
            "local_image_path": "Wein/ Spirituosen/Spirituosen/highland_park_18_jahre_single_malt_whisky.jpg"
          },
          {
            "image_urls": [
              "https://www.edeka24.de/out/pictures/generated/product/1/224_224_90/saupiquetthunsalatitalia.jpg"
            ],
            "ItemTitle": "Saupiquet Thunfisch-Salat Italiana 160G",
            "ItemPrice": "3,19€",
            "ItemUnit": "19,94€/kg",
            "local_image_path": "Lebensmittel/Konserven/saupiquetthunsalatitalia.jpg"
          },
          {
            "image_urls": [
              "https://www.edeka24.de/out/pictures/generated/product/1/224_224_90/pick_original_ungarische_salami_tourist_400g.jpg"
            ],
            "ItemTitle": "Pick Original Ungarische Salami 400G",
            "ItemPrice": "11,49€",
            "ItemUnit": "28,73€/kg",
            "local_image_path": "Lebensmittel/Konserven/pick_original_ungarische_salami_tourist_400g.jpg"
          },
          {
            "image_urls": [
              "https://www.edeka24.de/out/pictures/generated/product/1/224_224_90/bio_edeka_bratwurst_200g.jpg"
            ],
            "ItemTitle": "EDEKA Bio Bratwurst 200G",
            "ItemPrice": "3,29€",
            "ItemUnit": "16,45€/kg",
            "local_image_path": "Lebensmittel/Konserven/bio_edeka_bratwurst_200g.jpg"
          },
          {
            "image_urls": [
              "https://www.edeka24.de/out/pictures/generated/product/1/224_224_90/alnaturasauerkraut.jpg"
            ],
            "ItemTitle": "Bio Alnatura Sauerkraut 520G",
            "ItemPrice": "1,39€",
            "ItemUnit": "2,78€/kg",
            "local_image_path": "Lebensmittel/Konserven/alnaturasauerkraut.jpg"
          },
          {
            "image_urls": [
              "https://www.edeka24.de/out/pictures/generated/product/1/224_224_90/alnatura_bio_ganze_tomaten_geschlt_400_g.jpg"
            ],
            "ItemTitle": "Alnatura Bio Ganze Tomaten geschält 400G",
            "ItemPrice": "1,19€",
            "ItemUnit": "4,96€/kg",
            "local_image_path": "Bio-Produkte/Lebensmittel von Alnatura/alnatura_bio_ganze_tomaten_geschlt_400_g.jpg"
          },
          {
            "image_urls": [
              "https://www.edeka24.de/out/pictures/generated/product/1/224_224_90/simondelikatessrindergulasch.jpg"
            ],
            "ItemTitle": "Simon Delikatess Rindergulasch in feiner Sauce 300G",
            "ItemPrice": "3,79€",
            "ItemUnit": "12,63€/kg",
            "local_image_path": "Lebensmittel/Fertiggerichte/simondelikatessrindergulasch.jpg"
          },
          {
            "image_urls": [
              "https://www.edeka24.de/out/pictures/generated/product/1/224_224_90/edeka_himbeeren_gezuckert.jpg"
            ],
            "ItemTitle": "EDEKA Himbeeren gezuckert 340G",
            "ItemPrice": "2,29€",
            "ItemUnit": "17,62€/kg",
            "local_image_path": "Lebensmittel/Konserven/edeka_himbeeren_gezuckert.jpg"
          },
          {
            "image_urls": [
              "https://www.edeka24.de/out/pictures/generated/product/1/224_224_90/4104420034167alnaturakichererbsen.png"
            ],
            "ItemTitle": "Alnatura Bio Kichererbsen 350G",
            "ItemPrice": "1,49€",
            "ItemUnit": "6,77€/kg",
            "local_image_path": "Bio-Produkte/Lebensmittel von Alnatura/4104420034167alnaturakichererbsen.png"
          },
          {
            "image_urls": [
              "https://www.edeka24.de/out/pictures/generated/product/1/224_224_90/bio_alnatura_wild_preiselbeeren_220g.jpg"
            ],
            "ItemTitle": "Alnatura Bio Wild Preiselbeeren 220G",
            "ItemPrice": "2,19€",
            "ItemUnit": "9,95€/kg",
            "local_image_path": "Lebensmittel/Konserven/bio_alnatura_wild_preiselbeeren_220g.jpg"
          },
          {
            "image_urls": [
              "https://www.edeka24.de/out/pictures/generated/product/1/224_224_90/hengstenberg_mildessa_mildes_weinsauerkraut_300_g(1).jpg"
            ],
            "ItemTitle": "Hengstenberg Mildessa Mildes Weinsauerkraut 300G",
            "ItemPrice": "1,59€",
            "ItemUnit": "5,58€/kg",
            "local_image_path": "Wein/ Spirituosen/Spirituosen/highland_park_18_jahre_single_malt_whisky.jpg"
          },
          {
            "image_urls": [
              "https://www.edeka24.de/out/pictures/generated/product/1/224_224_90/hengstenberg_mildessa_rotkraut_300_g.jpg"
            ],
            "ItemTitle": "Hengstenberg Mildessa Rotkraut 300G",
            "ItemPrice": "1,69€",
            "ItemUnit": "5,93€/kg",
            "local_image_path": "Wein/ Spirituosen/Spirituosen/highland_park_18_jahre_single_malt_whisky.jpg"
          },
          {
            "image_urls": [
              "https://www.edeka24.de/out/pictures/generated/product/1/224_224_90/kuerote_bete_scheiben_670g.jpg"
            ],
            "ItemTitle": "Kühne Rote Bete in Scheiben 670G",
            "ItemPrice": "2,39€",
            "ItemUnit": "5,56€/kg",
            "local_image_path": "Lebensmittel/Konserven/kuerote_bete_scheiben_670g.jpg"
          },
          {
            "image_urls": [
              "https://www.edeka24.de/out/pictures/generated/product/1/224_224_90/echt_hllische_bio_leberwurst_200_g(1).jpg"
            ],
            "ItemTitle": "Bäuerliche Erzeugergemeinschaft Schwäbisch Hall Bio-Leberwurst 200G",
            "ItemPrice": "4,49€",
            "ItemUnit": "22,45€/kg",
            "local_image_path": "Bio-Produkte/Bio Marken/echt_hllische_bio_leberwurst_200_g(1).jpg"
          },
          {
            "image_urls": [
              "https://www.edeka24.de/out/pictures/generated/product/1/224_224_90/echt_hllische_bio_lyoner_200_g.jpg"
            ],
            "ItemTitle": "Bäuerliche Erzeugergemeinschaft Schwäbisch Hall Bio-Lyoner 200G",
            "ItemPrice": "4,49€",
            "ItemUnit": "22,45€/kg",
            "local_image_path": "Bio-Produkte/Bio Marken/echt_hllische_bio_lyoner_200_g.jpg"
          },
          {
            "image_urls": [
              "https://www.edeka24.de/out/pictures/generated/product/1/224_224_90/echt_hllische_bio_schinkenwurst_200_g.jpg"
            ],
            "ItemTitle": "Bäuerliche Erzeugergemeinschaft Schwäbisch Hall Bio-Schinkenwurst 200G",
            "ItemPrice": "4,49€",
            "ItemUnit": "22,45€/kg",
            "local_image_path": "Bio-Produkte/Bio Marken/echt_hllische_bio_schinkenwurst_200_g.jpg"
          },
          {
            "image_urls": [
              "https://www.edeka24.de/out/pictures/generated/product/1/224_224_90/alnaturakalamata.jpg"
            ],
            "ItemTitle": "Alnatura Origin Bio Kalamata Oliven ohne Stein 350G",
            "ItemPrice": "3,49€",
            "ItemUnit": "19,39€/kg",
            "local_image_path": "Lebensmittel/Konserven/alnaturakalamata.jpg"
          },
          {
            "image_urls": [
              "https://www.edeka24.de/out/pictures/generated/product/1/224_224_90/4104420033740alnaturabioapfelmarkmitaprikose.png"
            ],
            "ItemTitle": "Alnatura Bio Apfelmark mit Aprikose 360G",
            "ItemPrice": "1,69€",
            "ItemUnit": "4,69€/kg",
            "local_image_path": "Bio-Produkte/Lebensmittel von Alnatura/4104420033740alnaturabioapfelmarkmitaprikose.png"
          },
          {
            "image_urls": [
              "https://www.edeka24.de/out/pictures/generated/product/1/224_224_90/bonduelle_mhrchen_zart_amp_extra_fein_400g.jpg"
            ],
            "ItemTitle": "Bonduelle Möhrchen zart & extra fein 400G",
            "ItemPrice": "1,89€",
            "ItemUnit": "7,13€/kg",
            "local_image_path": "Wein/ Spirituosen/Spirituosen/highland_park_18_jahre_single_malt_whisky.jpg"
          },
          {
            "image_urls": [
              "https://www.edeka24.de/out/pictures/generated/product/1/224_224_90/hengstenberg_burgergurken_330g(1).jpg"
            ],
            "ItemTitle": "Hengstenberg Burger-Gurken 330G",
            "ItemPrice": "2,29€",
            "ItemUnit": "12,38€/kg",
            "local_image_path": "Wein/ Spirituosen/Spirituosen/highland_park_18_jahre_single_malt_whisky.jpg"
          },
          {
            "image_urls": [
              "https://www.edeka24.de/out/pictures/generated/product/1/224_224_90/alnatura_bio_apfelmark_mit_mango_360_g.jpg"
            ],
            "ItemTitle": "Alnatura Bio Apfelmark mit Mango 360G",
            "ItemPrice": "1,89€",
            "ItemUnit": "5,25€/kg",
            "local_image_path": "Bio-Produkte/Lebensmittel von Alnatura/alnatura_bio_apfelmark_mit_mango_360_g.jpg"
          },
          {
            "image_urls": [
              "https://www.edeka24.de/out/pictures/generated/product/1/224_224_90/appel_zarte_heringsfilets_in_eiersenfcreme_200g.jpg"
            ],
            "ItemTitle": "Appel zarte Heringsfilets in Eier-Senf-Creme 200G",
            "ItemPrice": "2,49€",
            "ItemUnit": "12,45€/kg",
            "local_image_path": "Lebensmittel/Konserven/appel_zarte_heringsfilets_in_eiersenfcreme_200g.jpg"
          },
          {
            "image_urls": [
              "https://www.edeka24.de/out/pictures/generated/product/1/224_224_90/uhbiolebenswurst.jpg"
            ],
            "ItemTitle": "Unsere Heimat Bio-Leberwurst 200G",
            "ItemPrice": "3,99€",
            "ItemUnit": "19,95€/kg",
            "local_image_path": "Lebensmittel/Konserven/uhbiolebenswurst.jpg"
          },
          {
            "image_urls": [
              "https://www.edeka24.de/out/pictures/generated/product/1/224_224_90/edeka_gegrillte_makrelenfilets_natur_120g.jpg"
            ],
            "ItemTitle": "EDEKA Makrelenfilets gegrillt naturell 120G",
            "ItemPrice": "2,59€",
            "ItemUnit": "28,78€/kg",
            "local_image_path": "Lebensmittel/Konserven/edeka_gegrillte_makrelenfilets_natur_120g.jpg"
          },
          {
            "image_urls": [
              "https://www.edeka24.de/out/pictures/generated/product/1/224_224_90/appelmuschelntom.jpg"
            ],
            "ItemTitle": "Appel Muscheln in Tomaten-Sauce 100G",
            "ItemPrice": "2,19€",
            "ItemUnit": "21,90€/kg",
            "local_image_path": "Wein/ Spirituosen/Spirituosen/highland_park_18_jahre_single_malt_whisky.jpg"
          },
          {
            "image_urls": [
              "https://www.edeka24.de/out/pictures/generated/product/1/224_224_90/dietz-schinkenwurst.jpg"
            ],
            "ItemTitle": "Dietz Schinkenwurst 400G",
            "ItemPrice": "5,49€",
            "ItemUnit": "13,73€/kg",
            "local_image_path": "Lebensmittel/Konserven/dietz-schinkenwurst.jpg"
          },
          {
            "image_urls": [
              "https://www.edeka24.de/out/pictures/generated/product/1/224_224_90/edeka_brechbohnen_sehr_fein_330g.jpg"
            ],
            "ItemTitle": "EDEKA Brechbohnen sehr fein 330G",
            "ItemPrice": "1,09€",
            "ItemUnit": "5,89€/kg",
            "local_image_path": "Lebensmittel/Konserven/edeka_brechbohnen_sehr_fein_330g.jpg"
          },
          {
            "image_urls": [
              "https://www.edeka24.de/out/pictures/generated/product/1/224_224_90/hawestatfsmexico.jpg"
            ],
            "ItemTitle": "Hawesta Thunfisch Salat Mexico 160G",
            "ItemPrice": "3,19€",
            "ItemUnit": "19,94€/kg",
            "local_image_path": "Wein/ Spirituosen/Spirituosen/highland_park_18_jahre_single_malt_whisky.jpg"
          },
          {
            "image_urls": [
              "https://www.edeka24.de/out/pictures/generated/product/1/224_224_90/heine039s_ragout_fin.jpg"
            ],
            "ItemTitle": "Heine's Ragout Fin 400G",
            "ItemPrice": "3,99€",
            "ItemUnit": "9,98€/kg",
            "local_image_path": "Lebensmittel/Konserven/heine039s_ragout_fin.jpg"
          },
          {
            "image_urls": [
              "https://www.edeka24.de/out/pictures/generated/product/1/224_224_90/edeka_artischocken_herzen.jpg"
            ],
            "ItemTitle": "EDEKA Artischocken Herzen 400G",
            "ItemPrice": "2,59€",
            "ItemUnit": "10,79€/kg",
            "local_image_path": "Lebensmittel/Konserven/edeka_artischocken_herzen.jpg"
          },
          {
            "image_urls": [
              "https://www.edeka24.de/out/pictures/generated/product/1/224_224_90/msc_appel_heringsfilets_sweet_chili_200g.jpg"
            ],
            "ItemTitle": "Appel Zarte Filets vom Hering Sweet Chili 200G",
            "ItemPrice": "2,49€",
            "ItemUnit": "12,45€/kg",
            "local_image_path": "Wein/ Spirituosen/Spirituosen/highland_park_18_jahre_single_malt_whisky.jpg"
          },
          {
            "image_urls": [
              "https://www.edeka24.de/out/pictures/generated/product/1/224_224_90/meica_deutschlamp228nder_geflamp252gel_6st_660g.jpg"
            ],
            "ItemTitle": "Meica Deutschländer Geflügel 660G",
            "ItemPrice": "5,79€",
            "ItemUnit": "17,55€/kg",
            "local_image_path": "Wein/ Spirituosen/Spirituosen/highland_park_18_jahre_single_malt_whisky.jpg"
          },
          {
            "image_urls": [
              "https://www.edeka24.de/out/pictures/generated/product/1/224_224_90/mamp252llers_schmalzfleisch_400g.jpg"
            ],
            "ItemTitle": "Müllers Schmalzfleisch 400G",
            "ItemPrice": "3,99€",
            "ItemUnit": "9,98€/kg",
            "local_image_path": "Lebensmittel/Konserven/mamp252llers_schmalzfleisch_400g.jpg"
          },
          {
            "image_urls": [
              "https://www.edeka24.de/out/pictures/generated/product/1/224_224_90/msc_appel_heringsfilets_tomatemozzarella_200g.jpg"
            ],
            "ItemTitle": "Appel zarte Heringsfilets in Tomate-Mozzarella 200G",
            "ItemPrice": "2,49€",
            "ItemUnit": "12,45€/kg",
            "local_image_path": "Lebensmittel/Konserven/msc_appel_heringsfilets_tomatemozzarella_200g.jpg"
          },
          {
            "image_urls": [
              "https://www.edeka24.de/out/pictures/generated/product/1/224_224_90/hengstenberg_bohnensalat_330g.jpg"
            ],
            "ItemTitle": "Hengstenberg Bohnensalat 330G",
            "ItemPrice": "2,49€",
            "ItemUnit": "10,38€/kg",
            "local_image_path": "Wein/ Spirituosen/Spirituosen/highland_park_18_jahre_single_malt_whisky.jpg"
          },
          {
            "image_urls": [
              "https://www.edeka24.de/out/pictures/generated/product/1/224_224_90/msc_saupiquet_thunfisch_salat_linsen_160g.jpg"
            ],
            "ItemTitle": "Saupiquet Thunfisch-Salat Linsen 160G",
            "ItemPrice": "3,19€",
            "ItemUnit": "19,94€/kg",
            "local_image_path": "Lebensmittel/Konserven/msc_saupiquet_thunfisch_salat_linsen_160g.jpg"
          },
          {
            "image_urls": [
              "https://www.edeka24.de/out/pictures/generated/product/1/224_224_90/appelheringtom100.jpg"
            ],
            "ItemTitle": "Appel zarte Heringsfilets in Tomaten-Creme 100G",
            "ItemPrice": "1,79€",
            "ItemUnit": "17,90€/kg",
            "local_image_path": "Lebensmittel/Konserven/appelheringtom100.jpg"
          },
          {
            "image_urls": [
              "https://www.edeka24.de/out/pictures/generated/product/1/224_224_90/hengstenberg_salat_gurken_330g.jpg"
            ],
            "ItemTitle": "Hengstenberg Salat Gurken 330G",
            "ItemPrice": "2,29€",
            "ItemUnit": "12,38€/kg",
            "local_image_path": "Lebensmittel/Konserven/hengstenberg_salat_gurken_330g.jpg"
          },
          {
            "image_urls": [
              "https://www.edeka24.de/out/pictures/generated/product/1/224_224_90/bondubiogrboh.jpg"
            ],
            "ItemTitle": "Bonduelle Bio Grüne Bohnen 400G",
            "ItemPrice": "2,49€",
            "ItemUnit": "11,32€/kg",
            "local_image_path": "Bio-Produkte/Bio Marken/bondubiogrboh.jpg"
          },
          {
            "image_urls": [
              "https://www.edeka24.de/out/pictures/generated/product/1/224_224_90/bassapfelmus_360g.jpg"
            ],
            "ItemTitle": "Sonnen Bassermann Apfelmus 360G",
            "ItemPrice": "1,69€",
            "ItemUnit": "4,69€/kg",
            "local_image_path": "Wein/ Spirituosen/Spirituosen/highland_park_18_jahre_single_malt_whisky.jpg"
          },
          {
            "image_urls": [
              "https://www.edeka24.de/out/pictures/generated/product/1/224_224_90/simon_sauerbraten_400g.jpg"
            ],
            "ItemTitle": "Simon Sauerbraten 400G",
            "ItemPrice": "5,99€",
            "ItemUnit": "14,98€/kg",
            "local_image_path": "Lebensmittel/Konserven/simon_sauerbraten_400g.jpg"
          },
          {
            "image_urls": [
              "https://www.edeka24.de/out/pictures/generated/product/1/224_224_90/appelgorumetmakreletomsau.jpg"
            ],
            "ItemTitle": "Appel Gourmet Makrelenfilets in Tomaten-Creme 200G",
            "ItemPrice": "2,89€",
            "ItemUnit": "14,45€/kg",
            "local_image_path": "Wein/ Spirituosen/Spirituosen/highland_park_18_jahre_single_malt_whisky.jpg"
          },
          {
            "image_urls": [
              "https://www.edeka24.de/out/pictures/generated/product/1/224_224_90/bonduelle_goldmais_bunter_mix_400_g.jpg"
            ],
            "ItemTitle": "Bonduelle Goldmais Bunter Mix 400G",
            "ItemPrice": "1,79€",
            "ItemUnit": "6,75€/kg",
            "local_image_path": "Lebensmittel/Konserven/bonduelle_goldmais_bunter_mix_400_g.jpg"
          },
          {
            "image_urls": [
              "https://www.edeka24.de/out/pictures/generated/product/1/224_224_90/dietz_lyoner_200g.jpg"
            ],
            "ItemTitle": "Dietz Delikate Lyoner 200G",
            "ItemPrice": "4,29€",
            "ItemUnit": "21,45€/kg",
            "local_image_path": "Wein/ Spirituosen/Spirituosen/highland_park_18_jahre_single_malt_whisky.jpg"
          },
          {
            "image_urls": [
              "https://www.edeka24.de/out/pictures/generated/product/1/224_224_90/edekaaprikosen.jpg"
            ],
            "ItemTitle": "EDEKA Aprikosen halbe Frucht gezuckert 820G",
            "ItemPrice": "2,79€",
            "ItemUnit": "5,81€/kg",
            "local_image_path": "Lebensmittel/Konserven/edekaaprikosen.jpg"
          },
          {
            "image_urls": [
              "https://www.edeka24.de/out/pictures/generated/product/1/224_224_90/edeka_gemsemais.jpg"
            ],
            "ItemTitle": "EDEKA Gemüsemais 330G",
            "ItemPrice": "1,29€",
            "ItemUnit": "4,53€/kg",
            "local_image_path": "Lebensmittel/Konserven/edeka_gemsemais.jpg"
          },
          {
            "image_urls": [
              "https://www.edeka24.de/out/pictures/generated/product/1/224_224_90/edeka_champignons_2_wahl_in_scheiben(2).jpg"
            ],
            "ItemTitle": "EDEKA Champignons 2. Wahl in Scheiben 330G",
            "ItemPrice": "2,19€",
            "ItemUnit": "10,95€/kg",
            "local_image_path": "Lebensmittel/Konserven/edeka_champignons_2_wahl_in_scheiben(2).jpg"
          },
          {
            "image_urls": [
              "https://www.edeka24.de/out/pictures/generated/product/1/224_224_90/edeka_chilibohnen_400g.jpg"
            ],
            "ItemTitle": "EDEKA Chili-Bohnen 400G",
            "ItemPrice": "1,39€",
            "ItemUnit": "3,48€/kg",
            "local_image_path": "Wein/ Spirituosen/Spirituosen/highland_park_18_jahre_single_malt_whisky.jpg"
          },
          {
            "image_urls": [
              "https://www.edeka24.de/out/pictures/generated/product/1/224_224_90/herr_edelmann_kalamata_oliven_natur_150_g.jpg"
            ],
            "ItemTitle": "Herr Edelmann Kalamata Oliven ohne Stein 150G",
            "ItemPrice": "2,49€",
            "ItemUnit": "16,60€/kg",
            "local_image_path": "Lebensmittel/Konserven/herr_edelmann_kalamata_oliven_natur_150_g.jpg"
          },
          {
            "image_urls": [
              "https://www.edeka24.de/out/pictures/generated/product/1/224_224_90/alnatura_bio_rotkohl_servierfertig.jpg"
            ],
            "ItemTitle": "Alnatura Bio Rotkohl 680G",
            "ItemPrice": "1,59€",
            "ItemUnit": "2,45€/kg",
            "local_image_path": "Lebensmittel/Konserven/alnatura_bio_rotkohl_servierfertig.jpg"
          },
          {
            "image_urls": [
              "https://www.edeka24.de/out/pictures/generated/product/1/224_224_90/edeka_edamame_150g.jpg"
            ],
            "ItemTitle": "EDEKA Edamame 150G",
            "ItemPrice": "1,79€",
            "ItemUnit": "13,77€/kg",
            "local_image_path": "Wein/ Spirituosen/Spirituosen/highland_park_18_jahre_single_malt_whisky.jpg"
          },
          {
            "image_urls": [
              "https://www.edeka24.de/out/pictures/generated/product/1/224_224_90/halberstamp228dter_wamp252rstchen_mit_rindfleisch_im_kamin_geramp228uchert_im_zarten_saitling_5st_450g.jpg"
            ],
            "ItemTitle": "Halberstädter Würstchen 450G",
            "ItemPrice": "6,49€",
            "ItemUnit": "25,96€/kg",
            "local_image_path": "Lebensmittel/Konserven/halberstamp228dter_wamp252rstchen_mit_rindfleisch_im_kamin_geramp228uchert_im_zarten_saitling_5st_450g.jpg"
          },
          {
            "image_urls": [
              "https://www.edeka24.de/out/pictures/generated/product/1/224_224_90/bonduelle_goldmais_150g.jpg"
            ],
            "ItemTitle": "Bonduelle Goldmais 150G",
            "ItemPrice": "1,39€",
            "ItemUnit": "9,93€/kg",
            "local_image_path": "Lebensmittel/Konserven/bonduelle_goldmais_150g.jpg"
          },
          {
            "image_urls": [
              "https://www.edeka24.de/out/pictures/generated/product/1/224_224_90/edeka_gegrillte_makrelenfilets_natur_120g.jpg"
            ],
            "ItemTitle": "EDEKA Makrelenfilets gegrillt naturell 120G",
            "ItemPrice": "2,59€",
            "ItemUnit": "28,78€/kg",
            "local_image_path": "Lebensmittel/Konserven/edeka_gegrillte_makrelenfilets_natur_120g.jpg"
          },
          {
            "image_urls": [
              "https://www.edeka24.de/out/pictures/generated/product/1/224_224_90/appelmuschelntom.jpg"
            ],
            "ItemTitle": "Appel Muscheln in Tomaten-Sauce 100G",
            "ItemPrice": "2,19€",
            "ItemUnit": "21,90€/kg",
            "local_image_path": "Wein/ Spirituosen/Spirituosen/highland_park_18_jahre_single_malt_whisky.jpg"
          },
          {
            "image_urls": [
              "https://www.edeka24.de/out/pictures/generated/product/1/224_224_90/dietz-schinkenwurst.jpg"
            ],
            "ItemTitle": "Dietz Schinkenwurst 400G",
            "ItemPrice": "5,49€",
            "ItemUnit": "13,73€/kg",
            "local_image_path": "Lebensmittel/Konserven/dietz-schinkenwurst.jpg"
          },
          {
            "image_urls": [
              "https://www.edeka24.de/out/pictures/generated/product/1/224_224_90/edeka_brechbohnen_sehr_fein_330g.jpg"
            ],
            "ItemTitle": "EDEKA Brechbohnen sehr fein 330G",
            "ItemPrice": "1,09€",
            "ItemUnit": "5,89€/kg",
            "local_image_path": "Lebensmittel/Konserven/edeka_brechbohnen_sehr_fein_330g.jpg"
          },
          {
            "image_urls": [
              "https://www.edeka24.de/out/pictures/generated/product/1/224_224_90/hawestatfsmexico.jpg"
            ],
            "ItemTitle": "Hawesta Thunfisch Salat Mexico 160G",
            "ItemPrice": "3,19€",
            "ItemUnit": "19,94€/kg",
            "local_image_path": "Wein/ Spirituosen/Spirituosen/highland_park_18_jahre_single_malt_whisky.jpg"
          },
          {
            "image_urls": [
              "https://www.edeka24.de/out/pictures/generated/product/1/224_224_90/heine039s_ragout_fin.jpg"
            ],
            "ItemTitle": "Heine's Ragout Fin 400G",
            "ItemPrice": "3,99€",
            "ItemUnit": "9,98€/kg",
            "local_image_path": "Lebensmittel/Konserven/heine039s_ragout_fin.jpg"
          },
          {
            "image_urls": [
              "https://www.edeka24.de/out/pictures/generated/product/1/224_224_90/edeka_artischocken_herzen.jpg"
            ],
            "ItemTitle": "EDEKA Artischocken Herzen 400G",
            "ItemPrice": "2,59€",
            "ItemUnit": "10,79€/kg",
            "local_image_path": "Lebensmittel/Konserven/edeka_artischocken_herzen.jpg"
          },
          {
            "image_urls": [
              "https://www.edeka24.de/out/pictures/generated/product/1/224_224_90/msc_appel_heringsfilets_sweet_chili_200g.jpg"
            ],
            "ItemTitle": "Appel Zarte Filets vom Hering Sweet Chili 200G",
            "ItemPrice": "2,49€",
            "ItemUnit": "12,45€/kg",
            "local_image_path": "Wein/ Spirituosen/Spirituosen/highland_park_18_jahre_single_malt_whisky.jpg"
          },
          {
            "image_urls": [
              "https://www.edeka24.de/out/pictures/generated/product/1/224_224_90/meica_deutschlamp228nder_geflamp252gel_6st_660g.jpg"
            ],
            "ItemTitle": "Meica Deutschländer Geflügel 660G",
            "ItemPrice": "5,79€",
            "ItemUnit": "17,55€/kg",
            "local_image_path": "Wein/ Spirituosen/Spirituosen/highland_park_18_jahre_single_malt_whisky.jpg"
          },
          {
            "image_urls": [
              "https://www.edeka24.de/out/pictures/generated/product/1/224_224_90/mamp252llers_schmalzfleisch_400g.jpg"
            ],
            "ItemTitle": "Müllers Schmalzfleisch 400G",
            "ItemPrice": "3,99€",
            "ItemUnit": "9,98€/kg",
            "local_image_path": "Lebensmittel/Konserven/mamp252llers_schmalzfleisch_400g.jpg"
          },
          {
            "image_urls": [
              "https://www.edeka24.de/out/pictures/generated/product/1/224_224_90/msc_appel_heringsfilets_tomatemozzarella_200g.jpg"
            ],
            "ItemTitle": "Appel zarte Heringsfilets in Tomate-Mozzarella 200G",
            "ItemPrice": "2,49€",
            "ItemUnit": "12,45€/kg",
            "local_image_path": "Lebensmittel/Konserven/msc_appel_heringsfilets_tomatemozzarella_200g.jpg"
          },
          {
            "image_urls": [
              "https://www.edeka24.de/out/pictures/generated/product/1/224_224_90/hengstenberg_bohnensalat_330g.jpg"
            ],
            "ItemTitle": "Hengstenberg Bohnensalat 330G",
            "ItemPrice": "2,49€",
            "ItemUnit": "10,38€/kg",
            "local_image_path": "Wein/ Spirituosen/Spirituosen/highland_park_18_jahre_single_malt_whisky.jpg"
          },
          {
            "image_urls": [
              "https://www.edeka24.de/out/pictures/generated/product/1/224_224_90/msc_saupiquet_thunfisch_salat_linsen_160g.jpg"
            ],
            "ItemTitle": "Saupiquet Thunfisch-Salat Linsen 160G",
            "ItemPrice": "3,19€",
            "ItemUnit": "19,94€/kg",
            "local_image_path": "Lebensmittel/Konserven/msc_saupiquet_thunfisch_salat_linsen_160g.jpg"
          },
          {
            "image_urls": [
              "https://www.edeka24.de/out/pictures/generated/product/1/224_224_90/appelheringtom100.jpg"
            ],
            "ItemTitle": "Appel zarte Heringsfilets in Tomaten-Creme 100G",
            "ItemPrice": "1,79€",
            "ItemUnit": "17,90€/kg",
            "local_image_path": "Lebensmittel/Konserven/appelheringtom100.jpg"
          },
          {
            "image_urls": [
              "https://www.edeka24.de/out/pictures/generated/product/1/224_224_90/hengstenberg_salat_gurken_330g.jpg"
            ],
            "ItemTitle": "Hengstenberg Salat Gurken 330G",
            "ItemPrice": "2,29€",
            "ItemUnit": "12,38€/kg",
            "local_image_path": "Lebensmittel/Konserven/hengstenberg_salat_gurken_330g.jpg"
          },
          {
            "image_urls": [
              "https://www.edeka24.de/out/pictures/generated/product/1/224_224_90/bondubiogrboh.jpg"
            ],
            "ItemTitle": "Bonduelle Bio Grüne Bohnen 400G",
            "ItemPrice": "2,49€",
            "ItemUnit": "11,32€/kg",
            "local_image_path": "Bio-Produkte/Bio Marken/bondubiogrboh.jpg"
          },
          {
            "image_urls": [
              "https://www.edeka24.de/out/pictures/generated/product/1/224_224_90/bassapfelmus_360g.jpg"
            ],
            "ItemTitle": "Sonnen Bassermann Apfelmus 360G",
            "ItemPrice": "1,69€",
            "ItemUnit": "4,69€/kg",
            "local_image_path": "Wein/ Spirituosen/Spirituosen/highland_park_18_jahre_single_malt_whisky.jpg"
          },
          {
            "image_urls": [
              "https://www.edeka24.de/out/pictures/generated/product/1/224_224_90/simon_sauerbraten_400g.jpg"
            ],
            "ItemTitle": "Simon Sauerbraten 400G",
            "ItemPrice": "5,99€",
            "ItemUnit": "14,98€/kg",
            "local_image_path": "Lebensmittel/Konserven/simon_sauerbraten_400g.jpg"
          },
          {
            "image_urls": [
              "https://www.edeka24.de/out/pictures/generated/product/1/224_224_90/appelgorumetmakreletomsau.jpg"
            ],
            "ItemTitle": "Appel Gourmet Makrelenfilets in Tomaten-Creme 200G",
            "ItemPrice": "2,89€",
            "ItemUnit": "14,45€/kg",
            "local_image_path": "Wein/ Spirituosen/Spirituosen/highland_park_18_jahre_single_malt_whisky.jpg"
          },
          {
            "image_urls": [
              "https://www.edeka24.de/out/pictures/generated/product/1/224_224_90/bonduelle_goldmais_bunter_mix_400_g.jpg"
            ],
            "ItemTitle": "Bonduelle Goldmais Bunter Mix 400G",
            "ItemPrice": "1,79€",
            "ItemUnit": "6,75€/kg",
            "local_image_path": "Lebensmittel/Konserven/bonduelle_goldmais_bunter_mix_400_g.jpg"
          },
          {
            "image_urls": [
              "https://www.edeka24.de/out/pictures/generated/product/1/224_224_90/dietz_lyoner_200g.jpg"
            ],
            "ItemTitle": "Dietz Delikate Lyoner 200G",
            "ItemPrice": "4,29€",
            "ItemUnit": "21,45€/kg",
            "local_image_path": "Wein/ Spirituosen/Spirituosen/highland_park_18_jahre_single_malt_whisky.jpg"
          },
          {
            "image_urls": [
              "https://www.edeka24.de/out/pictures/generated/product/1/224_224_90/edekaaprikosen.jpg"
            ],
            "ItemTitle": "EDEKA Aprikosen halbe Frucht gezuckert 820G",
            "ItemPrice": "2,79€",
            "ItemUnit": "5,81€/kg",
            "local_image_path": "Lebensmittel/Konserven/edekaaprikosen.jpg"
          },
          {
            "image_urls": [
              "https://www.edeka24.de/out/pictures/generated/product/1/224_224_90/edeka_gemsemais.jpg"
            ],
            "ItemTitle": "EDEKA Gemüsemais 330G",
            "ItemPrice": "1,29€",
            "ItemUnit": "4,53€/kg",
            "local_image_path": "Lebensmittel/Konserven/edeka_gemsemais.jpg"
          },
          {
            "image_urls": [
              "https://www.edeka24.de/out/pictures/generated/product/1/224_224_90/edeka_champignons_2_wahl_in_scheiben(2).jpg"
            ],
            "ItemTitle": "EDEKA Champignons 2. Wahl in Scheiben 330G",
            "ItemPrice": "2,19€",
            "ItemUnit": "10,95€/kg",
            "local_image_path": "Lebensmittel/Konserven/edeka_champignons_2_wahl_in_scheiben(2).jpg"
          },
          {
            "image_urls": [
              "https://www.edeka24.de/out/pictures/generated/product/1/224_224_90/edeka_chilibohnen_400g.jpg"
            ],
            "ItemTitle": "EDEKA Chili-Bohnen 400G",
            "ItemPrice": "1,39€",
            "ItemUnit": "3,48€/kg",
            "local_image_path": "Wein/ Spirituosen/Spirituosen/highland_park_18_jahre_single_malt_whisky.jpg"
          },
          {
            "image_urls": [
              "https://www.edeka24.de/out/pictures/generated/product/1/224_224_90/herr_edelmann_kalamata_oliven_natur_150_g.jpg"
            ],
            "ItemTitle": "Herr Edelmann Kalamata Oliven ohne Stein 150G",
            "ItemPrice": "2,49€",
            "ItemUnit": "16,60€/kg",
            "local_image_path": "Lebensmittel/Konserven/herr_edelmann_kalamata_oliven_natur_150_g.jpg"
          },
          {
            "image_urls": [
              "https://www.edeka24.de/out/pictures/generated/product/1/224_224_90/alnatura_bio_rotkohl_servierfertig.jpg"
            ],
            "ItemTitle": "Alnatura Bio Rotkohl 680G",
            "ItemPrice": "1,59€",
            "ItemUnit": "2,45€/kg",
            "local_image_path": "Lebensmittel/Konserven/alnatura_bio_rotkohl_servierfertig.jpg"
          },
          {
            "image_urls": [
              "https://www.edeka24.de/out/pictures/generated/product/1/224_224_90/edeka_edamame_150g.jpg"
            ],
            "ItemTitle": "EDEKA Edamame 150G",
            "ItemPrice": "1,79€",
            "ItemUnit": "13,77€/kg",
            "local_image_path": "Wein/ Spirituosen/Spirituosen/highland_park_18_jahre_single_malt_whisky.jpg"
          },
          {
            "image_urls": [
              "https://www.edeka24.de/out/pictures/generated/product/1/224_224_90/halberstamp228dter_wamp252rstchen_mit_rindfleisch_im_kamin_geramp228uchert_im_zarten_saitling_5st_450g.jpg"
            ],
            "ItemTitle": "Halberstädter Würstchen 450G",
            "ItemPrice": "6,49€",
            "ItemUnit": "25,96€/kg",
            "local_image_path": "Lebensmittel/Konserven/halberstamp228dter_wamp252rstchen_mit_rindfleisch_im_kamin_geramp228uchert_im_zarten_saitling_5st_450g.jpg"
          },
          {
            "image_urls": [
              "https://www.edeka24.de/out/pictures/generated/product/1/224_224_90/bonduelle_goldmais_150g.jpg"
            ],
            "ItemTitle": "Bonduelle Goldmais 150G",
            "ItemPrice": "1,39€",
            "ItemUnit": "9,93€/kg",
            "local_image_path": "Lebensmittel/Konserven/bonduelle_goldmais_150g.jpg"
          },
          {
            "image_urls": [
              "https://www.edeka24.de/out/pictures/generated/product/1/224_224_90/bio_bondgemuesemais_150g.jpg"
            ],
            "ItemTitle": "Bonduelle Bio Goldmais 150G",
            "ItemPrice": "1,89€",
            "ItemUnit": "13,50€/kg",
            "local_image_path": "Bio-Produkte/Bio Marken/bio_bondgemuesemais_150g.jpg"
          },
          {
            "image_urls": [
              "https://www.edeka24.de/out/pictures/generated/product/1/224_224_90/khneklasssauerkrauttfixfert.jpg"
            ],
            "ItemTitle": "Kühne 2 Minuten Klassisches Sauerkraut Fix & Fertig 400G",
            "ItemPrice": "1,89€",
            "ItemUnit": "4,73€/kg",
            "local_image_path": "Lebensmittel/Konserven/khneklasssauerkrauttfixfert.jpg"
          },
          {
            "image_urls": [
              "https://www.edeka24.de/out/pictures/generated/product/1/224_224_90/edeka_gegrillte_makrelenfilets_in_nativem_olivenamp246l_extra_120g.jpg"
            ],
            "ItemTitle": "EDEKA Makrelenfilets gegrillt in Olivenöl 120G",
            "ItemPrice": "2,59€",
            "ItemUnit": "28,78€/kg",
            "local_image_path": "Lebensmittel/Konserven/edeka_gegrillte_makrelenfilets_in_nativem_olivenamp246l_extra_120g.jpg"
          },
          {
            "image_urls": [
              "https://www.edeka24.de/out/pictures/generated/product/1/224_224_90/beshdemeterschinkenwurst.jpg"
            ],
            "ItemTitle": "Bäuerliche Erzeugergemeinschaft Schwäbisch Hall Bio-Schinkenwurst 200G",
            "ItemPrice": "5,29€",
            "ItemUnit": "26,45€/kg",
            "local_image_path": "Bio-Produkte/Bio Marken/beshdemeterschinkenwurst.jpg"
          },
          {
            "image_urls": [
              "https://www.edeka24.de/out/pictures/generated/product/1/224_224_90/edeka_schwarze_bohnen_400g.jpg"
            ],
            "ItemTitle": "EDEKA Schwarze Bohnen 400G",
            "ItemPrice": "1,39€",
            "ItemUnit": "5,25€/kg",
            "local_image_path": "Lebensmittel/Konserven/edeka_schwarze_bohnen_400g.jpg"
          },
          {
            "image_urls": [
              "https://www.edeka24.de/out/pictures/generated/product/1/224_224_90/khneoriginalrotkohl.jpg"
            ],
            "ItemTitle": "Kühne Rotkohl Original 680G",
            "ItemPrice": "1,99€",
            "ItemUnit": "3,06€/kg",
            "local_image_path": "Wein/ Spirituosen/Spirituosen/highland_park_18_jahre_single_malt_whisky.jpg"
          },
          {
            "image_urls": [
              "https://www.edeka24.de/out/pictures/generated/product/1/224_224_90/hengstenberg_gurken_polnischer_art_720_ml.jpg"
            ],
            "ItemTitle": "Hengstenberg Gurken Polnischer Art 720ML",
            "ItemPrice": "2,89€",
            "ItemUnit": "8,03€/kg",
            "local_image_path": "Wein/ Spirituosen/Spirituosen/highland_park_18_jahre_single_malt_whisky.jpg"
          },
          {
            "image_urls": [
              "https://www.edeka24.de/out/pictures/generated/product/1/224_224_90/hengstenberg_cornichons_klassisch_fein_330_g.jpg"
            ],
            "ItemTitle": "Hengstenberg Cornichons klassisch fein 330G",
            "ItemPrice": "2,59€",
            "ItemUnit": "13,63€/kg",
            "local_image_path": "Lebensmittel/Konserven/hengstenberg_cornichons_klassisch_fein_330_g.jpg"
          },
          {
            "image_urls": [
              "https://www.edeka24.de/out/pictures/generated/product/1/224_224_90/khnearoko.jpg"
            ],
            "ItemTitle": "Kühne Apfelrotkohl der Klassiker 680G",
            "ItemPrice": "2,19€",
            "ItemUnit": "3,37€/kg",
            "local_image_path": "Wein/ Spirituosen/Spirituosen/highland_park_18_jahre_single_malt_whisky.jpg"
          },
          {
            "image_urls": [
              "https://www.edeka24.de/out/pictures/generated/product/1/224_224_90/edeka_stangenspargel(1).jpg"
            ],
            "ItemTitle": "EDEKA Spargel Stangen 520G",
            "ItemPrice": "3,89€",
            "ItemUnit": "12,16€/kg",
            "local_image_path": "Wein/ Spirituosen/Spirituosen/highland_park_18_jahre_single_malt_whisky.jpg"
          },
          {
            "image_urls": [
              "https://www.edeka24.de/out/pictures/generated/product/1/224_224_90/kidneybohnenedeka-2(1).png"
            ],
            "ItemTitle": "EDEKA Kidney-Bohnen 800G",
            "ItemPrice": "2,19€",
            "ItemUnit": "4,13€/kg",
            "local_image_path": "Wein/ Spirituosen/Spirituosen/highland_park_18_jahre_single_malt_whisky.jpg"
          },
          {
            "image_urls": [
              "https://www.edeka24.de/out/pictures/generated/product/1/224_224_90/edeka_kicher_erbsen_naturell.jpg"
            ],
            "ItemTitle": "EDEKA Kicher Erbsen 800G",
            "ItemPrice": "2,19€",
            "ItemUnit": "4,56€/kg",
            "local_image_path": "Wein/ Spirituosen/Spirituosen/highland_park_18_jahre_single_malt_whisky.jpg"
          },
          {
            "image_urls": [
              "https://www.edeka24.de/out/pictures/generated/product/1/224_224_90/lacroixgemsepaste.jpg"
            ],
            "ItemTitle": "Lacroix Gemüse-Paste 40G",
            "ItemPrice": "1,49€",
            "ItemUnit": "37,25€/kg",
            "local_image_path": "Lebensmittel/Konserven/lacroixgemsepaste.jpg"
          },
          {
            "image_urls": [
              "https://www.edeka24.de/out/pictures/generated/product/1/224_224_90/odenwald_apfelmus_720g.jpg"
            ],
            "ItemTitle": "Odenwald Apfelmus 720G",
            "ItemPrice": "2,79€",
            "ItemUnit": "3,88€/kg",
            "local_image_path": "Wein/ Spirituosen/Spirituosen/highland_park_18_jahre_single_malt_whisky.jpg"
          },
          {
            "image_urls": [
              "https://www.edeka24.de/out/pictures/generated/product/1/224_224_90/saupiquetthunfisch-filetsnaturale185g.jpg"
            ],
            "ItemTitle": "Saupiquet Thunfischfilets Naturale ohne Öl 185G",
            "ItemPrice": "3,69€",
            "ItemUnit": "28,38€/kg",
            "local_image_path": "Wein/ Spirituosen/Spirituosen/highland_park_18_jahre_single_malt_whisky.jpg"
          },
          {
            "image_urls": [
              "https://www.edeka24.de/out/pictures/generated/product/1/224_224_90/meica_6_geflgel_wrstchen(1).jpg"
            ],
            "ItemTitle": "Meica Geflügel-Wiener 540G",
            "ItemPrice": "4,99€",
            "ItemUnit": "19,96€/kg",
            "local_image_path": "Lebensmittel/Konserven/meica_6_geflgel_wrstchen(1).jpg"
          },
          {
            "image_urls": [
              "https://www.edeka24.de/out/pictures/generated/product/1/224_224_90/200g_deckel-schinkenwurst_rgb_2014.jpg"
            ],
            "ItemTitle": "Dietz Schinkenwurst 200G",
            "ItemPrice": "4,29€",
            "ItemUnit": "21,45€/kg",
            "local_image_path": "Lebensmittel/Konserven/200g_deckel-schinkenwurst_rgb_2014.jpg"
          },
          {
            "image_urls": [
              "https://www.edeka24.de/out/pictures/generated/product/1/224_224_90/filderboykraut.jpg"
            ],
            "ItemTitle": "Filder Spitzbüble feinmildes Weinsauerkraut 810G",
            "ItemPrice": "2,69€",
            "ItemUnit": "3,49€/kg",
            "local_image_path": "Lebensmittel/Konserven/filderboykraut.jpg"
          },
          {
            "image_urls": [
              "https://www.edeka24.de/out/pictures/generated/product/1/224_224_90/saupiquet_thunfischfilets_natives_olivenamp246l_extra_120g.jpg"
            ],
            "ItemTitle": "Saupiquet Thunfisch-Filets mit etwas nativem Olivenöl extra 120G",
            "ItemPrice": "3,29€",
            "ItemUnit": "27,42€/kg",
            "local_image_path": "Wein/ Spirituosen/Spirituosen/highland_park_18_jahre_single_malt_whisky.jpg"
          },
          {
            "image_urls": [
              "https://www.edeka24.de/out/pictures/generated/product/1/224_224_90/demeter_bamp228uerliche_lyoner_200g.jpg"
            ],
            "ItemTitle": "Bäuerliche Erzeugergemeinschaft Schwäbisch Hall Demeter Bio-Lyoner 200G",
            "ItemPrice": "5,29€",
            "ItemUnit": "26,45€/kg",
            "local_image_path": "Bio-Produkte/Bio Marken/demeter_bamp228uerliche_lyoner_200g.jpg"
          },
          {
            "image_urls": [
              "https://www.edeka24.de/out/pictures/generated/product/1/224_224_90/bio_alnatura_kapern_150g.jpg"
            ],
            "ItemTitle": "Alnatura Bio Kapern in Essiglake 150G",
            "ItemPrice": "3,49€",
            "ItemUnit": "38,78€/kg",
            "local_image_path": "Bio-Produkte/Lebensmittel von Alnatura/bio_alnatura_kapern_150g.jpg"
          },
          {
            "image_urls": [
              "https://www.edeka24.de/out/pictures/generated/product/1/224_224_90/meica_mini_winis_singles_380g.jpg"
            ],
            "ItemTitle": "Meica Mini Wini Singles 380G",
            "ItemPrice": "4,99€",
            "ItemUnit": "19,19€/kg",
            "local_image_path": "Lebensmittel/Konserven/meica_mini_winis_singles_380g.jpg"
          },
          {
            "image_urls": [
              "https://www.edeka24.de/out/pictures/generated/product/1/224_224_90/dittmann_spanische_oliven_ohne_stein.jpg"
            ],
            "ItemTitle": "Dittmann Spanische Oliven ohne Stein 300G",
            "ItemPrice": "3,59€",
            "ItemUnit": "23,16€/kg",
            "local_image_path": "Lebensmittel/Konserven/dittmann_spanische_oliven_ohne_stein.jpg"
          },
          {
            "image_urls": [
              "https://www.edeka24.de/out/pictures/generated/product/1/224_224_90/edeka_champignons_mini_1wahl_ganze_kamp246pfe_330g.jpg"
            ],
            "ItemTitle": "EDEKA Champignons 1.Wahl ganze Köpfe Minis 330G",
            "ItemPrice": "2,79€",
            "ItemUnit": "13,95€/kg",
            "local_image_path": "Wein/ Spirituosen/Spirituosen/highland_park_18_jahre_single_malt_whisky.jpg"
          },
          {
            "image_urls": [
              "https://www.edeka24.de/out/pictures/generated/product/1/224_224_90/khsalgur.jpg"
            ],
            "ItemTitle": "Kühne Salat Gurken würzig-Süß in Würfel 330G",
            "ItemPrice": "2,49€",
            "ItemUnit": "13,83€/kg",
            "local_image_path": "Lebensmittel/Konserven/khsalgur.jpg"
          },
          {
            "image_urls": [
              "https://www.edeka24.de/out/pictures/generated/product/1/224_224_90/gutampampgamp220nstig_ajvar_scharf_340ml.jpg"
            ],
            "ItemTitle": "GUT & Günstig Ajvar scharf 340ML",
            "ItemPrice": "1,59€",
            "ItemUnit": "4,68€/l",
            "local_image_path": "Lebensmittel/Konserven/gutampampgamp220nstig_ajvar_scharf_340ml.jpg"
          },
          {
            "image_urls": [
              "https://www.edeka24.de/out/pictures/generated/product/1/224_224_90/bondukidboh.jpg"
            ],
            "ItemTitle": "Bonduelle Kidney Bohnen 800G",
            "ItemPrice": "2,49€",
            "ItemUnit": "4,98€/kg",
            "local_image_path": "Lebensmittel/Konserven/bondukidboh.jpg"
          },
          {
            "image_urls": [
              "https://www.edeka24.de/out/pictures/generated/product/1/224_224_90/alnatura_bio_quittebirne_fruchtmark_mit_banane_360_g.jpg"
            ],
            "ItemTitle": "Alnatura Bio Quitte-Birne Fruchtmark mit Banane 360G",
            "ItemPrice": "2,09€",
            "ItemUnit": "5,81€/kg",
            "local_image_path": "Bio-Produkte/Lebensmittel von Alnatura/alnatura_bio_quittebirne_fruchtmark_mit_banane_360_g.jpg"
          },
          {
            "image_urls": [
              "https://www.edeka24.de/out/pictures/generated/product/1/224_224_90/khnemoskauergurken.jpg"
            ],
            "ItemTitle": "Kühne Moskauer Gurken mit Borretsch und Koriander 670G",
            "ItemPrice": "2,69€",
            "ItemUnit": "7,47€/kg",
            "local_image_path": "Lebensmittel/Konserven/khnemoskauergurken.jpg"
          },
          {
            "image_urls": [
              "https://www.edeka24.de/out/pictures/generated/product/1/224_224_90/msc_appel_heringpfeffcr200g.jpg"
            ],
            "ItemTitle": "Appel zarte Heringsfilets in Pfeffer-Creme 200G",
            "ItemPrice": "2,49€",
            "ItemUnit": "12,45€/kg",
            "local_image_path": "Lebensmittel/Konserven/msc_appel_heringpfeffcr200g.jpg"
          },
          {
            "image_urls": [
              "https://www.edeka24.de/out/pictures/generated/product/1/224_224_90/bio_bondgemuesemais_150g.jpg"
            ],
            "ItemTitle": "Bonduelle Bio Goldmais 150G",
            "ItemPrice": "1,89€",
            "ItemUnit": "13,50€/kg",
            "local_image_path": "Bio-Produkte/Bio Marken/bio_bondgemuesemais_150g.jpg"
          },
          {
            "image_urls": [
              "https://www.edeka24.de/out/pictures/generated/product/1/224_224_90/khneklasssauerkrauttfixfert.jpg"
            ],
            "ItemTitle": "Kühne 2 Minuten Klassisches Sauerkraut Fix & Fertig 400G",
            "ItemPrice": "1,89€",
            "ItemUnit": "4,73€/kg",
            "local_image_path": "Lebensmittel/Konserven/khneklasssauerkrauttfixfert.jpg"
          },
          {
            "image_urls": [
              "https://www.edeka24.de/out/pictures/generated/product/1/224_224_90/edeka_gegrillte_makrelenfilets_in_nativem_olivenamp246l_extra_120g.jpg"
            ],
            "ItemTitle": "EDEKA Makrelenfilets gegrillt in Olivenöl 120G",
            "ItemPrice": "2,59€",
            "ItemUnit": "28,78€/kg",
            "local_image_path": "Lebensmittel/Konserven/edeka_gegrillte_makrelenfilets_in_nativem_olivenamp246l_extra_120g.jpg"
          },
          {
            "image_urls": [
              "https://www.edeka24.de/out/pictures/generated/product/1/224_224_90/beshdemeterschinkenwurst.jpg"
            ],
            "ItemTitle": "Bäuerliche Erzeugergemeinschaft Schwäbisch Hall Bio-Schinkenwurst 200G",
            "ItemPrice": "5,29€",
            "ItemUnit": "26,45€/kg",
            "local_image_path": "Bio-Produkte/Bio Marken/beshdemeterschinkenwurst.jpg"
          },
          {
            "image_urls": [
              "https://www.edeka24.de/out/pictures/generated/product/1/224_224_90/edeka_schwarze_bohnen_400g.jpg"
            ],
            "ItemTitle": "EDEKA Schwarze Bohnen 400G",
            "ItemPrice": "1,39€",
            "ItemUnit": "5,25€/kg",
            "local_image_path": "Lebensmittel/Konserven/edeka_schwarze_bohnen_400g.jpg"
          },
          {
            "image_urls": [
              "https://www.edeka24.de/out/pictures/generated/product/1/224_224_90/khneoriginalrotkohl.jpg"
            ],
            "ItemTitle": "Kühne Rotkohl Original 680G",
            "ItemPrice": "1,99€",
            "ItemUnit": "3,06€/kg",
            "local_image_path": "Wein/ Spirituosen/Spirituosen/highland_park_18_jahre_single_malt_whisky.jpg"
          },
          {
            "image_urls": [
              "https://www.edeka24.de/out/pictures/generated/product/1/224_224_90/hengstenberg_gurken_polnischer_art_720_ml.jpg"
            ],
            "ItemTitle": "Hengstenberg Gurken Polnischer Art 720ML",
            "ItemPrice": "2,89€",
            "ItemUnit": "8,03€/kg",
            "local_image_path": "Wein/ Spirituosen/Spirituosen/highland_park_18_jahre_single_malt_whisky.jpg"
          },
          {
            "image_urls": [
              "https://www.edeka24.de/out/pictures/generated/product/1/224_224_90/hengstenberg_cornichons_klassisch_fein_330_g.jpg"
            ],
            "ItemTitle": "Hengstenberg Cornichons klassisch fein 330G",
            "ItemPrice": "2,59€",
            "ItemUnit": "13,63€/kg",
            "local_image_path": "Lebensmittel/Konserven/hengstenberg_cornichons_klassisch_fein_330_g.jpg"
          },
          {
            "image_urls": [
              "https://www.edeka24.de/out/pictures/generated/product/1/224_224_90/khnearoko.jpg"
            ],
            "ItemTitle": "Kühne Apfelrotkohl der Klassiker 680G",
            "ItemPrice": "2,19€",
            "ItemUnit": "3,37€/kg",
            "local_image_path": "Wein/ Spirituosen/Spirituosen/highland_park_18_jahre_single_malt_whisky.jpg"
          },
          {
            "image_urls": [
              "https://www.edeka24.de/out/pictures/generated/product/1/224_224_90/edeka_stangenspargel(1).jpg"
            ],
            "ItemTitle": "EDEKA Spargel Stangen 520G",
            "ItemPrice": "3,89€",
            "ItemUnit": "12,16€/kg",
            "local_image_path": "Wein/ Spirituosen/Spirituosen/highland_park_18_jahre_single_malt_whisky.jpg"
          },
          {
            "image_urls": [
              "https://www.edeka24.de/out/pictures/generated/product/1/224_224_90/kidneybohnenedeka-2(1).png"
            ],
            "ItemTitle": "EDEKA Kidney-Bohnen 800G",
            "ItemPrice": "2,19€",
            "ItemUnit": "4,13€/kg",
            "local_image_path": "Wein/ Spirituosen/Spirituosen/highland_park_18_jahre_single_malt_whisky.jpg"
          },
          {
            "image_urls": [
              "https://www.edeka24.de/out/pictures/generated/product/1/224_224_90/edeka_kicher_erbsen_naturell.jpg"
            ],
            "ItemTitle": "EDEKA Kicher Erbsen 800G",
            "ItemPrice": "2,19€",
            "ItemUnit": "4,56€/kg",
            "local_image_path": "Wein/ Spirituosen/Spirituosen/highland_park_18_jahre_single_malt_whisky.jpg"
          },
          {
            "image_urls": [
              "https://www.edeka24.de/out/pictures/generated/product/1/224_224_90/lacroixgemsepaste.jpg"
            ],
            "ItemTitle": "Lacroix Gemüse-Paste 40G",
            "ItemPrice": "1,49€",
            "ItemUnit": "37,25€/kg",
            "local_image_path": "Lebensmittel/Konserven/lacroixgemsepaste.jpg"
          },
          {
            "image_urls": [
              "https://www.edeka24.de/out/pictures/generated/product/1/224_224_90/odenwald_apfelmus_720g.jpg"
            ],
            "ItemTitle": "Odenwald Apfelmus 720G",
            "ItemPrice": "2,79€",
            "ItemUnit": "3,88€/kg",
            "local_image_path": "Wein/ Spirituosen/Spirituosen/highland_park_18_jahre_single_malt_whisky.jpg"
          },
          {
            "image_urls": [
              "https://www.edeka24.de/out/pictures/generated/product/1/224_224_90/saupiquetthunfisch-filetsnaturale185g.jpg"
            ],
            "ItemTitle": "Saupiquet Thunfischfilets Naturale ohne Öl 185G",
            "ItemPrice": "3,69€",
            "ItemUnit": "28,38€/kg",
            "local_image_path": "Wein/ Spirituosen/Spirituosen/highland_park_18_jahre_single_malt_whisky.jpg"
          },
          {
            "image_urls": [
              "https://www.edeka24.de/out/pictures/generated/product/1/224_224_90/meica_6_geflgel_wrstchen(1).jpg"
            ],
            "ItemTitle": "Meica Geflügel-Wiener 540G",
            "ItemPrice": "4,99€",
            "ItemUnit": "19,96€/kg",
            "local_image_path": "Lebensmittel/Konserven/meica_6_geflgel_wrstchen(1).jpg"
          },
          {
            "image_urls": [
              "https://www.edeka24.de/out/pictures/generated/product/1/224_224_90/200g_deckel-schinkenwurst_rgb_2014.jpg"
            ],
            "ItemTitle": "Dietz Schinkenwurst 200G",
            "ItemPrice": "4,29€",
            "ItemUnit": "21,45€/kg",
            "local_image_path": "Lebensmittel/Konserven/200g_deckel-schinkenwurst_rgb_2014.jpg"
          },
          {
            "image_urls": [
              "https://www.edeka24.de/out/pictures/generated/product/1/224_224_90/filderboykraut.jpg"
            ],
            "ItemTitle": "Filder Spitzbüble feinmildes Weinsauerkraut 810G",
            "ItemPrice": "2,69€",
            "ItemUnit": "3,49€/kg",
            "local_image_path": "Lebensmittel/Konserven/filderboykraut.jpg"
          },
          {
            "image_urls": [
              "https://www.edeka24.de/out/pictures/generated/product/1/224_224_90/saupiquet_thunfischfilets_natives_olivenamp246l_extra_120g.jpg"
            ],
            "ItemTitle": "Saupiquet Thunfisch-Filets mit etwas nativem Olivenöl extra 120G",
            "ItemPrice": "3,29€",
            "ItemUnit": "27,42€/kg",
            "local_image_path": "Wein/ Spirituosen/Spirituosen/highland_park_18_jahre_single_malt_whisky.jpg"
          },
          {
            "image_urls": [
              "https://www.edeka24.de/out/pictures/generated/product/1/224_224_90/demeter_bamp228uerliche_lyoner_200g.jpg"
            ],
            "ItemTitle": "Bäuerliche Erzeugergemeinschaft Schwäbisch Hall Demeter Bio-Lyoner 200G",
            "ItemPrice": "5,29€",
            "ItemUnit": "26,45€/kg",
            "local_image_path": "Bio-Produkte/Bio Marken/demeter_bamp228uerliche_lyoner_200g.jpg"
          },
          {
            "image_urls": [
              "https://www.edeka24.de/out/pictures/generated/product/1/224_224_90/bio_alnatura_kapern_150g.jpg"
            ],
            "ItemTitle": "Alnatura Bio Kapern in Essiglake 150G",
            "ItemPrice": "3,49€",
            "ItemUnit": "38,78€/kg",
            "local_image_path": "Bio-Produkte/Lebensmittel von Alnatura/bio_alnatura_kapern_150g.jpg"
          },
          {
            "image_urls": [
              "https://www.edeka24.de/out/pictures/generated/product/1/224_224_90/meica_mini_winis_singles_380g.jpg"
            ],
            "ItemTitle": "Meica Mini Wini Singles 380G",
            "ItemPrice": "4,99€",
            "ItemUnit": "19,19€/kg",
            "local_image_path": "Lebensmittel/Konserven/meica_mini_winis_singles_380g.jpg"
          },
          {
            "image_urls": [
              "https://www.edeka24.de/out/pictures/generated/product/1/224_224_90/dittmann_spanische_oliven_ohne_stein.jpg"
            ],
            "ItemTitle": "Dittmann Spanische Oliven ohne Stein 300G",
            "ItemPrice": "3,59€",
            "ItemUnit": "23,16€/kg",
            "local_image_path": "Lebensmittel/Konserven/dittmann_spanische_oliven_ohne_stein.jpg"
          },
          {
            "image_urls": [
              "https://www.edeka24.de/out/pictures/generated/product/1/224_224_90/edeka_champignons_mini_1wahl_ganze_kamp246pfe_330g.jpg"
            ],
            "ItemTitle": "EDEKA Champignons 1.Wahl ganze Köpfe Minis 330G",
            "ItemPrice": "2,79€",
            "ItemUnit": "13,95€/kg",
            "local_image_path": "Wein/ Spirituosen/Spirituosen/highland_park_18_jahre_single_malt_whisky.jpg"
          },
          {
            "image_urls": [
              "https://www.edeka24.de/out/pictures/generated/product/1/224_224_90/khsalgur.jpg"
            ],
            "ItemTitle": "Kühne Salat Gurken würzig-Süß in Würfel 330G",
            "ItemPrice": "2,49€",
            "ItemUnit": "13,83€/kg",
            "local_image_path": "Lebensmittel/Konserven/khsalgur.jpg"
          },
          {
            "image_urls": [
              "https://www.edeka24.de/out/pictures/generated/product/1/224_224_90/gutampampgamp220nstig_ajvar_scharf_340ml.jpg"
            ],
            "ItemTitle": "GUT & Günstig Ajvar scharf 340ML",
            "ItemPrice": "1,59€",
            "ItemUnit": "4,68€/l",
            "local_image_path": "Lebensmittel/Konserven/gutampampgamp220nstig_ajvar_scharf_340ml.jpg"
          },
          {
            "image_urls": [
              "https://www.edeka24.de/out/pictures/generated/product/1/224_224_90/bondukidboh.jpg"
            ],
            "ItemTitle": "Bonduelle Kidney Bohnen 800G",
            "ItemPrice": "2,49€",
            "ItemUnit": "4,98€/kg",
            "local_image_path": "Lebensmittel/Konserven/bondukidboh.jpg"
          },
          {
            "image_urls": [
              "https://www.edeka24.de/out/pictures/generated/product/1/224_224_90/alnatura_bio_quittebirne_fruchtmark_mit_banane_360_g.jpg"
            ],
            "ItemTitle": "Alnatura Bio Quitte-Birne Fruchtmark mit Banane 360G",
            "ItemPrice": "2,09€",
            "ItemUnit": "5,81€/kg",
            "local_image_path": "Bio-Produkte/Lebensmittel von Alnatura/alnatura_bio_quittebirne_fruchtmark_mit_banane_360_g.jpg"
          },
          {
            "image_urls": [
              "https://www.edeka24.de/out/pictures/generated/product/1/224_224_90/khnemoskauergurken.jpg"
            ],
            "ItemTitle": "Kühne Moskauer Gurken mit Borretsch und Koriander 670G",
            "ItemPrice": "2,69€",
            "ItemUnit": "7,47€/kg",
            "local_image_path": "Lebensmittel/Konserven/khnemoskauergurken.jpg"
          },
          {
            "image_urls": [
              "https://www.edeka24.de/out/pictures/generated/product/1/224_224_90/msc_appel_heringpfeffcr200g.jpg"
            ],
            "ItemTitle": "Appel zarte Heringsfilets in Pfeffer-Creme 200G",
            "ItemPrice": "2,49€",
            "ItemUnit": "12,45€/kg",
            "local_image_path": "Lebensmittel/Konserven/msc_appel_heringpfeffcr200g.jpg"
          },
          {
            "image_urls": [
              "https://www.edeka24.de/out/pictures/generated/product/1/224_224_90/alnatura_bio_rote_thai_currypaste_135g.jpg"
            ],
            "ItemTitle": "Alnatura Bio Rote Thai Curry-Paste 135G",
            "ItemPrice": "2,99€",
            "ItemUnit": "22,15€/kg",
            "local_image_path": "Lebensmittel/Internationales/alnatura_bio_rote_thai_currypaste_135g.jpg"
          },
          {
            "image_urls": [
              "https://www.edeka24.de/out/pictures/generated/product/1/224_224_90/bio_edeka_gemamp252semais_330g.jpg"
            ],
            "ItemTitle": "EDEKA Bio Gemüsemais 330G",
            "ItemPrice": "1,59€",
            "ItemUnit": "5,58€/kg",
            "local_image_path": "Lebensmittel/Konserven/bio_edeka_gemamp252semais_330g.jpg"
          },
          {
            "image_urls": [
              "https://www.edeka24.de/out/pictures/generated/product/1/224_224_90/unfishedmexicansalad.jpg"
            ],
            "ItemTitle": "Unfished Plantuna Mexican Salad 160G",
            "ItemPrice": "3,49€",
            "ItemUnit": "21,81€/kg",
            "local_image_path": "Wein/ Spirituosen/Spirituosen/highland_park_18_jahre_single_malt_whisky.jpg"
          },
          {
            "image_urls": [
              "https://www.edeka24.de/out/pictures/generated/product/1/224_224_90/msc_appel_heringsfilets_wellness_balance_gemamp252seingwer_200g.jpg"
            ],
            "ItemTitle": "Appel Zarte Filets vom Hering Balance Gemüse-Ingwer 200G",
            "ItemPrice": "2,49€",
            "ItemUnit": "12,45€/kg",
            "local_image_path": "Wein/ Spirituosen/Spirituosen/highland_park_18_jahre_single_malt_whisky.jpg"
          },
          {
            "image_urls": [
              "https://www.edeka24.de/out/pictures/generated/product/1/224_224_90/spreewaldhof_schwarze_johannisbeeren_gezuckert_540_g.jpg"
            ],
            "ItemTitle": "Spreewaldhof Schwarze Johannisbeeren gezuckert 540G",
            "ItemPrice": "2,89€",
            "ItemUnit": "12,84€/kg",
            "local_image_path": "Lebensmittel/Konserven/spreewaldhof_schwarze_johannisbeeren_gezuckert_540_g.jpg"
          },
          {
            "image_urls": [
              "https://www.edeka24.de/out/pictures/generated/product/1/224_224_90/msc_appel_heringsfilets_salsapicante_200g.jpg"
            ],
            "ItemTitle": "Appel Zarte Heringsfilets Salsa-Picante 200G",
            "ItemPrice": "2,49€",
            "ItemUnit": "12,45€/kg",
            "local_image_path": "Lebensmittel/Konserven/msc_appel_heringsfilets_salsapicante_200g.jpg"
          },
          {
            "image_urls": [
              "https://www.edeka24.de/out/pictures/generated/product/1/224_224_90/spitzbble400.jpg"
            ],
            "ItemTitle": "Filder Spitzbüble feinmildes Weinsauerkraut 400G",
            "ItemPrice": "2,19€",
            "ItemUnit": "5,69€/kg",
            "local_image_path": "Wein/ Spirituosen/Spirituosen/highland_park_18_jahre_single_malt_whisky.jpg"
          },
          {
            "image_urls": [
              "https://www.edeka24.de/out/pictures/generated/product/1/224_224_90/khne_scharfe_grkchen_schlemmertpfchen.jpg"
            ],
            "ItemTitle": "Kühne Scharfe Gürkchen Schlemmertöpfchen 530G",
            "ItemPrice": "3,49€",
            "ItemUnit": "11,63€/kg",
            "local_image_path": "Lebensmittel/Konserven/khne_scharfe_grkchen_schlemmertpfchen.jpg"
          },
          {
            "image_urls": [
              "https://www.edeka24.de/out/pictures/generated/product/1/224_224_90/hengstenberg_rotkohl_810_g.jpg"
            ],
            "ItemTitle": "Hengstenberg Mildessa Rotkraut 810G",
            "ItemPrice": "2,49€",
            "ItemUnit": "3,23€/kg",
            "local_image_path": "Lebensmittel/Konserven/hengstenberg_rotkohl_810_g.jpg"
          },
          {
            "image_urls": [
              "https://www.edeka24.de/out/pictures/generated/product/1/224_224_90/bondugrbohdam.jpg"
            ],
            "ItemTitle": "Bonduelle Grüne Bohnen dampfgegart 590G",
            "ItemPrice": "2,59€",
            "ItemUnit": "5,89€/kg",
            "local_image_path": "Wein/ Spirituosen/Spirituosen/highland_park_18_jahre_single_malt_whisky.jpg"
          },
          {
            "image_urls": [
              "https://www.edeka24.de/out/pictures/generated/product/1/224_224_90/hak_adzukibohnen_225g.jpg"
            ],
            "ItemTitle": "HAK Adzukibohnen 225G",
            "ItemPrice": "2,99€",
            "ItemUnit": "14,95€/kg",
            "local_image_path": "Wein/ Spirituosen/Spirituosen/highland_park_18_jahre_single_malt_whisky.jpg"
          },
          {
            "image_urls": [
              "https://www.edeka24.de/out/pictures/generated/product/1/224_224_90/kamp252hne_pure_cornichons_jalapeno_310g.jpg"
            ],
            "ItemTitle": "Kühne Pure Cornichons mit Jalapenos 310G",
            "ItemPrice": "3,19€",
            "ItemUnit": "18,76€/kg",
            "local_image_path": "Lebensmittel/Konserven/kamp252hne_pure_cornichons_jalapeno_310g.jpg"
          },
          {
            "image_urls": [
              "https://www.edeka24.de/out/pictures/generated/product/1/224_224_90/appelmuschelnsalsa.jpg"
            ],
            "ItemTitle": "Appel Muscheln in Salsa-Sauce 100G",
            "ItemPrice": "2,19€",
            "ItemUnit": "21,90€/kg",
            "local_image_path": "Wein/ Spirituosen/Spirituosen/highland_park_18_jahre_single_malt_whisky.jpg"
          },
          {
            "image_urls": [
              "https://www.edeka24.de/out/pictures/generated/product/1/224_224_90/bio_unsere_heimat_lyoner_naturland_200g.jpg"
            ],
            "ItemTitle": "Unsere Heimat Bio Lyoner Naturland 200G",
            "ItemPrice": "3,99€",
            "ItemUnit": "19,95€/kg",
            "local_image_path": "Wein/ Spirituosen/Spirituosen/highland_park_18_jahre_single_malt_whisky.jpg"
          },
          {
            "image_urls": [
              "https://www.edeka24.de/out/pictures/generated/product/1/224_224_90/pomosecc.jpg"
            ],
            "ItemTitle": "Demeter Bio Piatti Onorati Pomodori Secchi 180G",
            "ItemPrice": "5,49€",
            "ItemUnit": "50,83€/kg",
            "local_image_path": "Wein/ Spirituosen/Spirituosen/highland_park_18_jahre_single_malt_whisky.jpg"
          },
          {
            "image_urls": [
              "https://www.edeka24.de/out/pictures/generated/product/1/224_224_90/hak_linsen_205g.jpg"
            ],
            "ItemTitle": "HAK Linsen 205G",
            "ItemPrice": "2,69€",
            "ItemUnit": "13,45€/kg",
            "local_image_path": "Lebensmittel/Konserven/hak_linsen_205g.jpg"
          },
          {
            "image_urls": [
              "https://www.edeka24.de/out/pictures/generated/product/1/224_224_90/spreewaldhof_stachelbeeren_gezuckert_680g.jpg"
            ],
            "ItemTitle": "Spreewaldhof Stachelbeeren gezuckert 680G",
            "ItemPrice": "3,49€",
            "ItemUnit": "8,95€/kg",
            "local_image_path": "Wein/ Spirituosen/Spirituosen/highland_park_18_jahre_single_malt_whisky.jpg"
          },
          {
            "image_urls": [
              "https://www.edeka24.de/out/pictures/generated/product/1/224_224_90/bio_alnatura_apfelmark_johannisampamphimbeere_360g.jpg"
            ],
            "ItemTitle": "Alnatura Bio Apfelmark Johannis- & Himbeere 360G",
            "ItemPrice": "2,19€",
            "ItemUnit": "6,08€/kg",
            "local_image_path": "Wein/ Spirituosen/Spirituosen/highland_park_18_jahre_single_malt_whisky.jpg"
          },
          {
            "image_urls": [
              "https://www.edeka24.de/out/pictures/generated/product/1/224_224_90/edeka_braune_linsen_400g.jpg"
            ],
            "ItemTitle": "EDEKA Braune Linsen 400G",
            "ItemPrice": "1,39€",
            "ItemUnit": "5,25€/kg",
            "local_image_path": "Wein/ Spirituosen/Spirituosen/highland_park_18_jahre_single_malt_whisky.jpg"
          },
          {
            "image_urls": [
              "https://www.edeka24.de/out/pictures/generated/product/1/224_224_90/msc_appel_heringsfilets_balkansauce_200g.jpg"
            ],
            "ItemTitle": "Appel zarte Heringsfilets Balkan Art 200G",
            "ItemPrice": "2,49€",
            "ItemUnit": "12,45€/kg",
            "local_image_path": "Wein/ Spirituosen/Spirituosen/highland_park_18_jahre_single_malt_whisky.jpg"
          },
          {
            "image_urls": [
              "https://www.edeka24.de/out/pictures/generated/product/1/224_224_90/huhnampamphahn_hamp228hnchenlyoner_mit_rapsamp246l_200g.jpg"
            ],
            "ItemTitle": "Allgäu Fresh Foods Hähnchenlyoner mit Rapsöl 200G",
            "ItemPrice": "3,99€",
            "ItemUnit": "19,95€/kg",
            "local_image_path": "Lebensmittel/Konserven/huhnampamphahn_hamp228hnchenlyoner_mit_rapsamp246l_200g.jpg"
          },
          {
            "image_urls": [
              "https://www.edeka24.de/out/pictures/generated/product/1/224_224_90/pflzer_spezialitten_bratwurst_gepkelt_200g.jpg"
            ],
            "ItemTitle": "Pfälzer Spezialitäten Bratwurst gepökelt 200G",
            "ItemPrice": "4,29€",
            "ItemUnit": "21,45€/kg",
            "local_image_path": "Wein/ Spirituosen/Spirituosen/highland_park_18_jahre_single_malt_whisky.jpg"
          },
          {
            "image_urls": [
              "https://www.edeka24.de/out/pictures/generated/product/1/224_224_90/pflzer_spezialitten_eisbeinfleisch_200g.jpg"
            ],
            "ItemTitle": "Pfälzer Spezialitäten Eisbeinfleisch 200G",
            "ItemPrice": "4,29€",
            "ItemUnit": "21,45€/kg",
            "local_image_path": "Wein/ Spirituosen/Spirituosen/highland_park_18_jahre_single_malt_whisky.jpg"
          },
          {
            "image_urls": [
              "https://www.edeka24.de/out/pictures/generated/product/1/224_224_90/bio_unsere_heimat_nl_bierwurst_200g.jpg"
            ],
            "ItemTitle": "Unsere Heimat Bio Bierwurst 200G",
            "ItemPrice": "3,99€",
            "ItemUnit": "19,95€/kg",
            "local_image_path": "Bio-Produkte/Bio Marken/bio_unsere_heimat_nl_bierwurst_200g.jpg"
          },
          {
            "image_urls": [
              "https://www.edeka24.de/out/pictures/generated/product/1/224_224_90/meica_ragout_fin_400g.jpg"
            ],
            "ItemTitle": "Meica Ragout Fin 400G",
            "ItemPrice": "5,49€",
            "ItemUnit": "13,73€/kg",
            "local_image_path": "Wein/ Spirituosen/Spirituosen/highland_park_18_jahre_single_malt_whisky.jpg"
          },
          {
            "image_urls": [
              "https://www.edeka24.de/out/pictures/generated/product/1/224_224_90/odenwald_schattenmorellen_700g.jpg"
            ],
            "ItemTitle": "Odenwald Schattenmorellen 700G",
            "ItemPrice": "4,49€",
            "ItemUnit": "12,83€/kg",
            "local_image_path": "Wein/ Spirituosen/Spirituosen/highland_park_18_jahre_single_malt_whisky.jpg"
          },
          {
            "image_urls": [
              "https://www.edeka24.de/out/pictures/generated/product/1/224_224_90/msc_appel_heringsfilets_leidenschaft_mangochili_200g.jpg"
            ],
            "ItemTitle": "MSC Appel Heringsfilets Leidenschaft Mango-Chili 200G",
            "ItemPrice": "2,49€",
            "ItemUnit": "12,45€/kg",
            "local_image_path": "Wein/ Spirituosen/Spirituosen/highland_park_18_jahre_single_malt_whisky.jpg"
          },
          {
            "image_urls": [
              "https://www.edeka24.de/out/pictures/generated/product/1/224_224_90/hengstenberg_mildessa_mildes_weinsauerkraut_550_g(1).jpg"
            ],
            "ItemTitle": "Hengstenberg Mildessa Mildes Weinsauerkraut 550G",
            "ItemPrice": "2,19€",
            "ItemUnit": "4,21€/kg",
            "local_image_path": "Lebensmittel/Konserven/hengstenberg_mildessa_mildes_weinsauerkraut_550_g(1).jpg"
          },
          {
            "image_urls": [
              "https://www.edeka24.de/out/pictures/generated/product/1/224_224_90/khne_rotkohl_original_350_g.jpg"
            ],
            "ItemTitle": "Kühne Rotkohl Original 350G",
            "ItemPrice": "1,49€",
            "ItemUnit": "4,45€/kg",
            "local_image_path": "Wein/ Spirituosen/Spirituosen/highland_park_18_jahre_single_malt_whisky.jpg"
          },
          {
            "image_urls": [
              "https://www.edeka24.de/out/pictures/generated/product/1/224_224_90/hakschwaboh(1).jpg"
            ],
            "ItemTitle": "HAK Schwarze Bohnen 225G",
            "ItemPrice": "2,69€",
            "ItemUnit": "13,45€/kg",
            "local_image_path": "Lebensmittel/Konserven/hakschwaboh(1).jpg"
          },
          {
            "image_urls": [
              "https://www.edeka24.de/out/pictures/generated/product/1/224_224_90/lacroix_trffelcarpaccio_30g.jpg"
            ],
            "ItemTitle": "Lacroix Trüffel-Carpaccio 30G",
            "ItemPrice": "11,49€",
            "ItemUnit": "547,14€/kg",
            "local_image_path": "Lebensmittel/Konserven/lacroix_trffelcarpaccio_30g.jpg"
          },
          {
            "image_urls": [
              "https://www.edeka24.de/out/pictures/generated/product/1/224_224_90/edeka_pilz_melange_waldfrisch_290g.jpg"
            ],
            "ItemTitle": "EDEKA Pilz Melange 290G",
            "ItemPrice": "3,19€",
            "ItemUnit": "20,58€/kg",
            "local_image_path": "Lebensmittel/Konserven/edeka_pilz_melange_waldfrisch_290g.jpg"
          },
          {
            "image_urls": [
              "https://www.edeka24.de/out/pictures/generated/product/1/224_224_90/edeka_spargel_spitzen_280_g.jpg"
            ],
            "ItemTitle": "EDEKA Spargel Spitzen 280G",
            "ItemPrice": "3,19€",
            "ItemUnit": "18,76€/kg",
            "local_image_path": "Lebensmittel/Konserven/edeka_spargel_spitzen_280_g.jpg"
          },
          {
            "image_urls": [
              "https://www.edeka24.de/out/pictures/generated/product/1/224_224_90/hak_gramp252ne_kidneybohnen_225g.jpg"
            ],
            "ItemTitle": "HAK Grüne Kidneybohnen Flageolet Bohnen 225G",
            "ItemPrice": "2,69€",
            "ItemUnit": "13,45€/kg",
            "local_image_path": "Lebensmittel/Konserven/hak_gramp252ne_kidneybohnen_225g.jpg"
          },
          {
            "image_urls": [
              "https://www.edeka24.de/out/pictures/generated/product/1/224_224_90/lacroix_tramp252ffelcreme_90g.jpg"
            ],
            "ItemTitle": "Lacroix Trüffel-Creme 90G",
            "ItemPrice": "10,49€",
            "ItemUnit": "116,56€/kg",
            "local_image_path": "Lebensmittel/Konserven/lacroix_tramp252ffelcreme_90g.jpg"
          },
          {
            "image_urls": [
              "https://www.edeka24.de/out/pictures/generated/product/1/224_224_90/spthcornichons.jpg"
            ],
            "ItemTitle": "Späth Cornichons 670G",
            "ItemPrice": "2,89€",
            "ItemUnit": "7,81€/kg",
            "local_image_path": "Wein/ Spirituosen/Spirituosen/highland_park_18_jahre_single_malt_whisky.jpg"
          },
          {
            "image_urls": [
              "https://www.edeka24.de/out/pictures/generated/product/1/224_224_90/bio_georg_kamp252rbis_pamp252ree_vegan_350ml.jpg"
            ],
            "ItemTitle": "Georg Thalhammer Bio Kürbis Püree 350ML",
            "ItemPrice": "3,79€",
            "ItemUnit": "10,83€/l",
            "local_image_path": "Wein/ Spirituosen/Spirituosen/highland_park_18_jahre_single_malt_whisky.jpg"
          },
          {
            "image_urls": [
              "https://www.edeka24.de/out/pictures/generated/product/1/224_224_90/edeka_selection_weier_thun_filets_in_olivenl_190g.jpg"
            ],
            "ItemTitle": "EDEKA Genussmomente Weißer Thun Filets in Olivenöl 190G",
            "ItemPrice": "5,29€",
            "ItemUnit": "27,84€/kg",
            "local_image_path": "Lebensmittel/Konserven/edeka_selection_weier_thun_filets_in_olivenl_190g.jpg"
          },
          {
            "image_urls": [
              "https://www.edeka24.de/out/pictures/generated/product/1/224_224_90/demeter_otto039s_auslese_apfelmark_350g.jpg"
            ],
            "ItemTitle": "Demeter Bio Otto's Auslese Apfelmark 350G",
            "ItemPrice": "1,99€",
            "ItemUnit": "5,69€/kg",
            "local_image_path": "Bio-Produkte/Bio Marken/demeter_otto039s_auslese_apfelmark_350g.jpg"
          },
          {
            "image_urls": [
              "https://www.edeka24.de/out/pictures/generated/product/1/224_224_90/kamp252hne_pure_cornichons_blamp252tenhonig_310g.jpg"
            ],
            "ItemTitle": "Kühne Pure Cornichons Blütenhonig 310G",
            "ItemPrice": "3,19€",
            "ItemUnit": "18,76€/kg",
            "local_image_path": "Lebensmittel/Konserven/kamp252hne_pure_cornichons_blamp252tenhonig_310g.jpg"
          },
          {
            "image_urls": [
              "https://www.edeka24.de/out/pictures/generated/product/1/224_224_90/bondubiogomai.jpg"
            ],
            "ItemTitle": "Bonduelle Bio Goldmais 300G",
            "ItemPrice": "2,29€",
            "ItemUnit": "8,04€/kg",
            "local_image_path": "Bio-Produkte/Bio Marken/bondubiogomai.jpg"
          },
          {
            "image_urls": [
              "https://www.edeka24.de/out/pictures/generated/product/1/224_224_90/edeka_genussmomente_msc_filets_vom_weien_thunfisch_in_eigenem_saft_190g.jpg"
            ],
            "ItemTitle": "EDEKA Genussmomente Weißer Thun Filets in eigenem Saft und Aufguss 190G",
            "ItemPrice": "5,29€",
            "ItemUnit": "39,19€/kg",
            "local_image_path": "Lebensmittel/Konserven/edeka_genussmomente_msc_filets_vom_weien_thunfisch_in_eigenem_saft_190g.jpg"
          },
          {
            "image_urls": [
              "https://www.edeka24.de/out/pictures/generated/product/1/224_224_90/kamp252hne_pure_cornichons_kramp228uter_310g.jpg"
            ],
            "ItemTitle": "Kühne Pure Cornichons Kräuter 310G",
            "ItemPrice": "3,19€",
            "ItemUnit": "18,76€/kg",
            "local_image_path": "Lebensmittel/Konserven/kamp252hne_pure_cornichons_kramp228uter_310g.jpg"
          },
          {
            "image_urls": [
              "https://www.edeka24.de/out/pictures/generated/product/1/224_224_90/bgkichererbsen.jpg"
            ],
            "ItemTitle": "Bio Gourmet Kichererbsen 400G",
            "ItemPrice": "1,89€",
            "ItemUnit": "7,88€/kg",
            "local_image_path": "Bio-Produkte/Bio Marken/bgkichererbsen.jpg"
          },
          {
            "image_urls": [
              "https://www.edeka24.de/out/pictures/generated/product/1/224_224_90/hengstenberg_mildessa_rotkrau_550_g.jpg"
            ],
            "ItemTitle": "Hengstenberg Mildessa Rotkraut 550G",
            "ItemPrice": "2,29€",
            "ItemUnit": "4,40€/kg",
            "local_image_path": "Lebensmittel/Konserven/hengstenberg_mildessa_rotkrau_550_g.jpg"
          },
          {
            "image_urls": [
              "https://www.edeka24.de/out/pictures/generated/product/1/224_224_90/khne_se_grkchen_schlemmertpfchen.jpg"
            ],
            "ItemTitle": "Kühne Süße Gürkchen Schlemmertöpfchen 300G",
            "ItemPrice": "3,49€",
            "ItemUnit": "18,37€/kg",
            "local_image_path": "Wein/ Spirituosen/Spirituosen/highland_park_18_jahre_single_malt_whisky.jpg"
          },
          {
            "image_urls": [
              "https://www.edeka24.de/out/pictures/generated/product/1/224_224_90/bondubiokidboh.jpg"
            ],
            "ItemTitle": "Bonduelle Bio Kidneybohnen 310G",
            "ItemPrice": "2,39€",
            "ItemUnit": "9,56€/kg",
            "local_image_path": "Bio-Produkte/Bio Marken/bondubiokidboh.jpg"
          },
          {
            "image_urls": [
              "https://www.edeka24.de/out/pictures/generated/product/1/224_224_90/lacroix_trffelcarpaccio_30g.jpg"
            ],
            "ItemTitle": "Lacroix Trüffel-Carpaccio 30G",
            "ItemPrice": "11,49€",
            "ItemUnit": "547,14€/kg",
            "local_image_path": "Lebensmittel/Konserven/lacroix_trffelcarpaccio_30g.jpg"
          },
          {
            "image_urls": [
              "https://www.edeka24.de/out/pictures/generated/product/1/224_224_90/edeka_pilz_melange_waldfrisch_290g.jpg"
            ],
            "ItemTitle": "EDEKA Pilz Melange 290G",
            "ItemPrice": "3,19€",
            "ItemUnit": "20,58€/kg",
            "local_image_path": "Lebensmittel/Konserven/edeka_pilz_melange_waldfrisch_290g.jpg"
          },
          {
            "image_urls": [
              "https://www.edeka24.de/out/pictures/generated/product/1/224_224_90/edeka_spargel_spitzen_280_g.jpg"
            ],
            "ItemTitle": "EDEKA Spargel Spitzen 280G",
            "ItemPrice": "3,19€",
            "ItemUnit": "18,76€/kg",
            "local_image_path": "Lebensmittel/Konserven/edeka_spargel_spitzen_280_g.jpg"
          },
          {
            "image_urls": [
              "https://www.edeka24.de/out/pictures/generated/product/1/224_224_90/hak_gramp252ne_kidneybohnen_225g.jpg"
            ],
            "ItemTitle": "HAK Grüne Kidneybohnen Flageolet Bohnen 225G",
            "ItemPrice": "2,69€",
            "ItemUnit": "13,45€/kg",
            "local_image_path": "Lebensmittel/Konserven/hak_gramp252ne_kidneybohnen_225g.jpg"
          },
          {
            "image_urls": [
              "https://www.edeka24.de/out/pictures/generated/product/1/224_224_90/lacroix_tramp252ffelcreme_90g.jpg"
            ],
            "ItemTitle": "Lacroix Trüffel-Creme 90G",
            "ItemPrice": "10,49€",
            "ItemUnit": "116,56€/kg",
            "local_image_path": "Lebensmittel/Konserven/lacroix_tramp252ffelcreme_90g.jpg"
          },
          {
            "image_urls": [
              "https://www.edeka24.de/out/pictures/generated/product/1/224_224_90/spthcornichons.jpg"
            ],
            "ItemTitle": "Späth Cornichons 670G",
            "ItemPrice": "2,89€",
            "ItemUnit": "7,81€/kg",
            "local_image_path": "Wein/ Spirituosen/Spirituosen/highland_park_18_jahre_single_malt_whisky.jpg"
          },
          {
            "image_urls": [
              "https://www.edeka24.de/out/pictures/generated/product/1/224_224_90/bio_georg_kamp252rbis_pamp252ree_vegan_350ml.jpg"
            ],
            "ItemTitle": "Georg Thalhammer Bio Kürbis Püree 350ML",
            "ItemPrice": "3,79€",
            "ItemUnit": "10,83€/l",
            "local_image_path": "Wein/ Spirituosen/Spirituosen/highland_park_18_jahre_single_malt_whisky.jpg"
          },
          {
            "image_urls": [
              "https://www.edeka24.de/out/pictures/generated/product/1/224_224_90/edeka_selection_weier_thun_filets_in_olivenl_190g.jpg"
            ],
            "ItemTitle": "EDEKA Genussmomente Weißer Thun Filets in Olivenöl 190G",
            "ItemPrice": "5,29€",
            "ItemUnit": "27,84€/kg",
            "local_image_path": "Lebensmittel/Konserven/edeka_selection_weier_thun_filets_in_olivenl_190g.jpg"
          },
          {
            "image_urls": [
              "https://www.edeka24.de/out/pictures/generated/product/1/224_224_90/demeter_otto039s_auslese_apfelmark_350g.jpg"
            ],
            "ItemTitle": "Demeter Bio Otto's Auslese Apfelmark 350G",
            "ItemPrice": "1,99€",
            "ItemUnit": "5,69€/kg",
            "local_image_path": "Bio-Produkte/Bio Marken/demeter_otto039s_auslese_apfelmark_350g.jpg"
          },
          {
            "image_urls": [
              "https://www.edeka24.de/out/pictures/generated/product/1/224_224_90/kamp252hne_pure_cornichons_blamp252tenhonig_310g.jpg"
            ],
            "ItemTitle": "Kühne Pure Cornichons Blütenhonig 310G",
            "ItemPrice": "3,19€",
            "ItemUnit": "18,76€/kg",
            "local_image_path": "Lebensmittel/Konserven/kamp252hne_pure_cornichons_blamp252tenhonig_310g.jpg"
          },
          {
            "image_urls": [
              "https://www.edeka24.de/out/pictures/generated/product/1/224_224_90/bondubiogomai.jpg"
            ],
            "ItemTitle": "Bonduelle Bio Goldmais 300G",
            "ItemPrice": "2,29€",
            "ItemUnit": "8,04€/kg",
            "local_image_path": "Bio-Produkte/Bio Marken/bondubiogomai.jpg"
          },
          {
            "image_urls": [
              "https://www.edeka24.de/out/pictures/generated/product/1/224_224_90/edeka_genussmomente_msc_filets_vom_weien_thunfisch_in_eigenem_saft_190g.jpg"
            ],
            "ItemTitle": "EDEKA Genussmomente Weißer Thun Filets in eigenem Saft und Aufguss 190G",
            "ItemPrice": "5,29€",
            "ItemUnit": "39,19€/kg",
            "local_image_path": "Lebensmittel/Konserven/edeka_genussmomente_msc_filets_vom_weien_thunfisch_in_eigenem_saft_190g.jpg"
          },
          {
            "image_urls": [
              "https://www.edeka24.de/out/pictures/generated/product/1/224_224_90/kamp252hne_pure_cornichons_kramp228uter_310g.jpg"
            ],
            "ItemTitle": "Kühne Pure Cornichons Kräuter 310G",
            "ItemPrice": "3,19€",
            "ItemUnit": "18,76€/kg",
            "local_image_path": "Lebensmittel/Konserven/kamp252hne_pure_cornichons_kramp228uter_310g.jpg"
          },
          {
            "image_urls": [
              "https://www.edeka24.de/out/pictures/generated/product/1/224_224_90/bgkichererbsen.jpg"
            ],
            "ItemTitle": "Bio Gourmet Kichererbsen 400G",
            "ItemPrice": "1,89€",
            "ItemUnit": "7,88€/kg",
            "local_image_path": "Bio-Produkte/Bio Marken/bgkichererbsen.jpg"
          },
          {
            "image_urls": [
              "https://www.edeka24.de/out/pictures/generated/product/1/224_224_90/hengstenberg_mildessa_rotkrau_550_g.jpg"
            ],
            "ItemTitle": "Hengstenberg Mildessa Rotkraut 550G",
            "ItemPrice": "2,29€",
            "ItemUnit": "4,40€/kg",
            "local_image_path": "Lebensmittel/Konserven/hengstenberg_mildessa_rotkrau_550_g.jpg"
          },
          {
            "image_urls": [
              "https://www.edeka24.de/out/pictures/generated/product/1/224_224_90/khne_se_grkchen_schlemmertpfchen.jpg"
            ],
            "ItemTitle": "Kühne Süße Gürkchen Schlemmertöpfchen 300G",
            "ItemPrice": "3,49€",
            "ItemUnit": "18,37€/kg",
            "local_image_path": "Wein/ Spirituosen/Spirituosen/highland_park_18_jahre_single_malt_whisky.jpg"
          },
          {
            "image_urls": [
              "https://www.edeka24.de/out/pictures/generated/product/1/224_224_90/bondubiokidboh.jpg"
            ],
            "ItemTitle": "Bonduelle Bio Kidneybohnen 310G",
            "ItemPrice": "2,39€",
            "ItemUnit": "9,56€/kg",
            "local_image_path": "Bio-Produkte/Bio Marken/bondubiokidboh.jpg"
          }
        ]
      }
    ]
  },
  {
    "CategoryTitle": "Lebensmittel",
    "Subcategories": [
      {
        "subcategoryTitle": "Beilagen",
        "productItems": [
          {
            "image_urls": [
              "https://www.edeka24.de/out/pictures/generated/product/1/224_224_90/edeka_italia_nudeln_spaghetti.jpg"
            ],
            "ItemTitle": "EDEKA Italia Nudeln Spaghetti 500G",
            "ItemPrice": "1,49€",
            "ItemUnit": "2,98€/kg",
            "local_image_path": "Lebensmittel/Beilagen/edeka_italia_nudeln_spaghetti.jpg"
          },
          {
            "image_urls": [
              "https://www.edeka24.de/out/pictures/generated/product/1/224_224_90/edeka_italia_nudeln_farfalle.jpg"
            ],
            "ItemTitle": "EDEKA Italia Nudeln Farfalle 500G",
            "ItemPrice": "1,49€",
            "ItemUnit": "2,98€/kg",
            "local_image_path": "Lebensmittel/Beilagen/edeka_italia_nudeln_farfalle.jpg"
          },
          {
            "image_urls": [
              "https://www.edeka24.de/out/pictures/generated/product/1/224_224_90/edeka_italia_nudeln_maccaroni.jpg"
            ],
            "ItemTitle": "EDEKA Italia Nudeln Maccaroni 500G",
            "ItemPrice": "1,49€",
            "ItemUnit": "2,98€/kg",
            "local_image_path": "Lebensmittel/Beilagen/edeka_italia_nudeln_maccaroni.jpg"
          },
          {
            "image_urls": [
              "https://www.edeka24.de/out/pictures/generated/product/1/224_224_90/edeka_langkparboiled_kb_500g.jpg"
            ],
            "ItemTitle": "EDEKA Langkorn Spitzenreis Parboiled im Kochbeutel 4x 125G",
            "ItemPrice": "1,79€",
            "ItemUnit": "3,58€/kg",
            "local_image_path": "Lebensmittel/Beilagen/edeka_langkparboiled_kb_500g.jpg"
          },
          {
            "image_urls": [
              "https://www.edeka24.de/out/pictures/generated/product/1/224_224_90/maggi_semmel_kndel_6er_im_kochbeutel.jpg"
            ],
            "ItemTitle": "Maggi Semmel Knödel 6er im Kochbeutel 200G",
            "ItemPrice": "2,19€",
            "ItemUnit": "10,95€/kg",
            "local_image_path": "Lebensmittel/Beilagen/maggi_semmel_kndel_6er_im_kochbeutel.jpg"
          },
          {
            "image_urls": [
              "https://www.edeka24.de/out/pictures/generated/product/1/224_224_90/edeka_bio_spaghetti_aus_100_hartweizen.jpg"
            ],
            "ItemTitle": "EDEKA Bio Spaghetti aus 100% Hartweizen 500",
            "ItemPrice": "0,89€",
            "ItemUnit": "1,78€/kg",
            "local_image_path": "Lebensmittel/Beilagen/edeka_bio_spaghetti_aus_100_hartweizen.jpg"
          },
          {
            "image_urls": [
              "https://www.edeka24.de/out/pictures/generated/product/1/224_224_90/edeka_basmatireis_im_kochbeutel.jpg"
            ],
            "ItemTitle": "EDEKA Basmati-Reis im Kochbeutel 4x 125G",
            "ItemPrice": "2,69€",
            "ItemUnit": "5,38€/kg",
            "local_image_path": "Lebensmittel/Beilagen/edeka_basmatireis_im_kochbeutel.jpg"
          },
          {
            "image_urls": [
              "https://www.edeka24.de/out/pictures/generated/product/1/224_224_90/alnaturakartopr.jpg"
            ],
            "ItemTitle": "Alnatura Bio Kartoffel Püree locker & cremig 160G",
            "ItemPrice": "2,19€",
            "ItemUnit": "13,69€/kg",
            "local_image_path": "Lebensmittel/Beilagen/alnaturakartopr.jpg"
          },
          {
            "image_urls": [
              "https://www.edeka24.de/out/pictures/generated/product/1/224_224_90/maggi_kartoffel_kndel_halb_amp_halb_im_kochbeutel.jpg"
            ],
            "ItemTitle": "Maggi Kartoffel Knödel Halb & Halb im Kochbeutel 200G",
            "ItemPrice": "2,49€",
            "ItemUnit": "12,45€/kg",
            "local_image_path": "Lebensmittel/Beilagen/maggi_kartoffel_kndel_halb_amp_halb_im_kochbeutel.jpg"
          },
          {
            "image_urls": [
              "https://www.edeka24.de/out/pictures/generated/product/1/224_224_90/barilla_nudeln_penne_rigate_500g.jpg"
            ],
            "ItemTitle": "Barilla Nudeln Penne Rigate 500G",
            "ItemPrice": "2,19€",
            "ItemUnit": "4,38€/kg",
            "local_image_path": "Lebensmittel/Beilagen/barilla_nudeln_penne_rigate_500g.jpg"
          },
          {
            "image_urls": [
              "https://www.edeka24.de/out/pictures/generated/product/1/224_224_90/edeka_italia_nudeln_spirali_tricolori.jpg"
            ],
            "ItemTitle": "EDEKA Italia Spirali Tricolori 500G",
            "ItemPrice": "1,49€",
            "ItemUnit": "2,98€/kg",
            "local_image_path": "Lebensmittel/Beilagen/edeka_italia_nudeln_spirali_tricolori.jpg"
          },
          {
            "image_urls": [
              "https://www.edeka24.de/out/pictures/generated/product/1/224_224_90/leimer_backerbsen_200_g.jpg"
            ],
            "ItemTitle": "Leimer Backerbsen 200G",
            "ItemPrice": "2,19€",
            "ItemUnit": "10,95€/kg",
            "local_image_path": "Lebensmittel/Fertiggerichte/leimer_backerbsen_200_g.jpg"
          },
          {
            "image_urls": [
              "https://www.edeka24.de/out/pictures/generated/product/1/224_224_90/edeka_italia_rigatoni_n26.jpg"
            ],
            "ItemTitle": "EDEKA Italia Mezzi Rigatoni 500G",
            "ItemPrice": "1,49€",
            "ItemUnit": "2,98€/kg",
            "local_image_path": "Lebensmittel/Beilagen/edeka_italia_rigatoni_n26.jpg"
          },
          {
            "image_urls": [
              "https://www.edeka24.de/out/pictures/generated/product/1/224_224_90/leimer_markkloeschen_4000186035502.jpg"
            ],
            "ItemTitle": "Leimer Markklößchen 100G",
            "ItemPrice": "1,59€",
            "ItemUnit": "15,90€/kg",
            "local_image_path": "Lebensmittel/Fertiggerichte/leimer_markkloeschen_4000186035502.jpg"
          },
          {
            "image_urls": [
              "https://www.edeka24.de/out/pictures/generated/product/1/224_224_90/alnatura_bio_basmati_reis_wei_1_kg.jpg"
            ],
            "ItemTitle": "Alnatura Bio Himalaya Basmati Reis 1KG",
            "ItemPrice": "4,99€",
            "ItemUnit": "4,99€/kg",
            "local_image_path": "Lebensmittel/Beilagen/alnatura_bio_basmati_reis_wei_1_kg.jpg"
          },
          {
            "image_urls": [
              "https://www.edeka24.de/out/pictures/generated/product/1/224_224_90/alnatura_bio_tortellini_kse_250_g.jpg"
            ],
            "ItemTitle": "Alnatura Bio Tortellini Käse 250G",
            "ItemPrice": "2,59€",
            "ItemUnit": "10,36€/kg",
            "local_image_path": "Lebensmittel/Beilagen/alnatura_bio_tortellini_kse_250_g.jpg"
          },
          {
            "image_urls": [
              "https://www.edeka24.de/out/pictures/generated/product/1/224_224_90/grocholl_bratkartoffeln_mit_schinken_amp_zwiebeln_400g.jpg"
            ],
            "ItemTitle": "Grocholl Bratkartoffeln mit Schinken & Zwiebeln 400G",
            "ItemPrice": "1,59€",
            "ItemUnit": "3,98€/kg",
            "local_image_path": "Wein/ Spirituosen/Spirituosen/highland_park_18_jahre_single_malt_whisky.jpg"
          },
          {
            "image_urls": [
              "https://www.edeka24.de/out/pictures/generated/product/1/224_224_90/de_cecco_tagliatelle_nidi_semola_500g.jpg"
            ],
            "ItemTitle": "De Cecco Tagliatelle No 203 500G",
            "ItemSalePrice": "1,99€",
            "ItemUnit": "3,98€/kg",
            "local_image_path": "Lebensmittel/Beilagen/de_cecco_tagliatelle_nidi_semola_500g.jpg"
          },
          {
            "image_urls": [
              "https://www.edeka24.de/out/pictures/generated/product/1/224_224_90/bernbacher_nockerlgrie.jpg"
            ],
            "ItemTitle": "Bernbacher Nockerlgrieß 3x 83,4G",
            "ItemPrice": "1,39€",
            "ItemUnit": "5,56€/kg",
            "local_image_path": "Lebensmittel/Beilagen/bernbacher_nockerlgrie.jpg"
          },
          {
            "image_urls": [
              "https://www.edeka24.de/out/pictures/generated/product/1/224_224_90/bio_alnatura_kartoffelknamp246del_225g.jpg"
            ],
            "ItemTitle": "Alnatura Bio Kartoffelknödel halb & halb 225G",
            "ItemPrice": "2,69€",
            "ItemUnit": "11,96€/kg",
            "local_image_path": "Lebensmittel/Beilagen/bio_alnatura_kartoffelknamp246del_225g.jpg"
          },
          {
            "image_urls": [
              "https://www.edeka24.de/out/pictures/generated/product/1/224_224_90/himalaya-basmati-reis-lose.jpg"
            ],
            "ItemTitle": "Oryza Himalaya Basmati Reis lose 500G",
            "ItemPrice": "2,19€",
            "ItemUnit": "4,38€/kg",
            "local_image_path": "Lebensmittel/Beilagen/himalaya-basmati-reis-lose.jpg"
          },
          {
            "image_urls": [
              "https://www.edeka24.de/out/pictures/generated/product/1/224_224_90/edeka_langkorn_spitzenreis_parboiled_lose.jpg"
            ],
            "ItemTitle": "EDEKA Langkorn Spitzenreis Parboiled lose 500G",
            "ItemPrice": "1,49€",
            "ItemUnit": "2,98€/kg",
            "local_image_path": "Lebensmittel/Beilagen/edeka_langkorn_spitzenreis_parboiled_lose.jpg"
          },
          {
            "image_urls": [
              "https://www.edeka24.de/out/pictures/generated/product/1/224_224_90/edeka_milchreis_lose.jpg"
            ],
            "ItemTitle": "EDEKA Milch-Reis lose 500G",
            "ItemPrice": "1,59€",
            "ItemUnit": "3,18€/kg",
            "local_image_path": "Lebensmittel/Beilagen/edeka_milchreis_lose.jpg"
          },
          {
            "image_urls": [
              "https://www.edeka24.de/out/pictures/generated/product/1/224_224_90/edeka_italia_gnocchetti_sardi.jpg"
            ],
            "ItemTitle": "EDEKA Italia Gnocchetti Sardi 500G",
            "ItemPrice": "1,49€",
            "ItemUnit": "2,98€/kg",
            "local_image_path": "Lebensmittel/Beilagen/edeka_italia_gnocchetti_sardi.jpg"
          },
          {
            "image_urls": [
              "https://www.edeka24.de/out/pictures/generated/product/1/224_224_90/bio_alnatura_rote_linsen_burger_200g.jpg"
            ],
            "ItemTitle": "Alnatura Bio Rote Linsen Burger 200G",
            "ItemPrice": "2,89€",
            "ItemUnit": "14,45€/kg",
            "local_image_path": "Lebensmittel/Beilagen/bio_alnatura_rote_linsen_burger_200g.jpg"
          },
          {
            "image_urls": [
              "https://www.edeka24.de/out/pictures/generated/product/1/224_224_90/bio_alnatura_milchreis_500g.jpg"
            ],
            "ItemTitle": "Alnatura Bio Milchreis 500G",
            "ItemPrice": "2,69€",
            "ItemUnit": "5,38€/kg",
            "local_image_path": "Lebensmittel/Beilagen/bio_alnatura_milchreis_500g.jpg"
          },
          {
            "image_urls": [
              "https://www.edeka24.de/out/pictures/generated/product/1/224_224_90/alnatura_bio_dinkel_spirelli_500g.jpg"
            ],
            "ItemTitle": "Alnatura Bio Dinkel Spirelli 500G",
            "ItemPrice": "2,29€",
            "ItemUnit": "4,58€/kg",
            "local_image_path": "Lebensmittel/Beilagen/alnatura_bio_dinkel_spirelli_500g.jpg"
          },
          {
            "image_urls": [
              "https://www.edeka24.de/out/pictures/generated/product/1/224_224_90/maggireikurisbis.jpg"
            ],
            "ItemTitle": "Maggi Reiskugeln Risi-Bisi mit Gemüsestückchen 4x 31,25G",
            "ItemPrice": "2,49€",
            "ItemUnit": "19,92€/kg",
            "local_image_path": "Lebensmittel/Beilagen/maggireikurisbis.jpg"
          },
          {
            "image_urls": [
              "https://www.edeka24.de/out/pictures/generated/product/1/224_224_90/buitoni_nudeln_spaghetti_72.jpg"
            ],
            "ItemTitle": "Delverde Nudeln Spaghetti 72 500G",
            "ItemPrice": "1,99€",
            "ItemUnit": "3,98€/kg",
            "local_image_path": "Lebensmittel/Beilagen/buitoni_nudeln_spaghetti_72.jpg"
          },
          {
            "image_urls": [
              "https://www.edeka24.de/out/pictures/generated/product/1/224_224_90/bio_edeka_jasmin_duftreis_400g.jpg"
            ],
            "ItemTitle": "EDEKA Bio Jasmin Duftreis Thai Hom Mali 400G",
            "ItemPrice": "2,79€",
            "ItemUnit": "6,98€/kg",
            "local_image_path": "Lebensmittel/Beilagen/bio_edeka_jasmin_duftreis_400g.jpg"
          },
          {
            "image_urls": [
              "https://www.edeka24.de/out/pictures/generated/product/1/224_224_90/alnatura_bio_tortellini_gemse_250_g.jpg"
            ],
            "ItemTitle": "Alnatura Bio Tortellini Gemüse 250G",
            "ItemPrice": "2,29€",
            "ItemUnit": "9,16€/kg",
            "local_image_path": "Lebensmittel/Beilagen/alnatura_bio_tortellini_gemse_250_g.jpg"
          },
          {
            "image_urls": [
              "https://www.edeka24.de/out/pictures/generated/product/1/224_224_90/bio_edeka_rote_linsen_500g.jpg"
            ],
            "ItemTitle": "EDEKA Bio Rote Linsen geölt 500G",
            "ItemPrice": "1,75€",
            "ItemUnit": "3,50€/kg",
            "local_image_path": "Lebensmittel/Beilagen/bio_edeka_rote_linsen_500g.jpg"
          },
          {
            "image_urls": [
              "https://www.edeka24.de/out/pictures/generated/product/1/224_224_90/alnatura_bio_polenta_500_g.jpg"
            ],
            "ItemTitle": "Alnatura Bio Polenta 500G",
            "ItemPrice": "1,99€",
            "ItemUnit": "3,98€/kg",
            "local_image_path": "Lebensmittel/Beilagen/alnatura_bio_polenta_500_g.jpg"
          },
          {
            "image_urls": [
              "https://www.edeka24.de/out/pictures/generated/product/1/224_224_90/oryzjas.jpg"
            ],
            "ItemTitle": "Oryza Jasmin Reis 500G",
            "ItemPrice": "2,99€",
            "ItemUnit": "5,98€/kg",
            "local_image_path": "Lebensmittel/Beilagen/oryzjas.jpg"
          },
          {
            "image_urls": [
              "https://www.edeka24.de/out/pictures/generated/product/1/224_224_90/alnatura_bio_dinkellocken_500_g.jpg"
            ],
            "ItemTitle": "Alnatura Bio Dinkel Locken 500G",
            "ItemPrice": "2,49€",
            "ItemUnit": "4,98€/kg",
            "local_image_path": "Lebensmittel/Beilagen/alnatura_bio_dinkellocken_500_g.jpg"
          },
          {
            "image_urls": [
              "https://www.edeka24.de/out/pictures/generated/product/1/224_224_90/4104420135864-alnatura-biotortelloni-ricotta-spinat.jpg"
            ],
            "ItemTitle": "Alnatura Bio Dinkel Tortelloni Ricotta Spinat 250G",
            "ItemPrice": "3,19€",
            "ItemUnit": "12,76€/kg",
            "local_image_path": "Lebensmittel/Beilagen/4104420135864-alnatura-biotortelloni-ricotta-spinat.jpg"
          },
          {
            "image_urls": [
              "https://www.edeka24.de/out/pictures/generated/product/1/224_224_90/alnatgemvollburg.jpg"
            ],
            "ItemTitle": "Alnatura Bio Gemüse Vollkorn Burger 210G",
            "ItemPrice": "2,49€",
            "ItemUnit": "11,86€/kg",
            "local_image_path": "Lebensmittel/Beilagen/alnatgemvollburg.jpg"
          },
          {
            "image_urls": [
              "https://www.edeka24.de/out/pictures/generated/product/1/224_224_90/leimer-semmelknoedel-brot-04000186046201.jpg"
            ],
            "ItemTitle": "Leimer Semmel-Würfel Knödelbrot 250G",
            "ItemPrice": "2,19€",
            "ItemUnit": "8,76€/kg",
            "local_image_path": "Lebensmittel/Beilagen/leimer-semmelknoedel-brot-04000186046201.jpg"
          },
          {
            "image_urls": [
              "https://www.edeka24.de/out/pictures/generated/product/1/224_224_90/alnatura_bio_langkornreis_parboiled_1kg.jpg"
            ],
            "ItemTitle": "Alnatura Bio Langkornreis parboiled 1KG",
            "ItemPrice": "3,29€",
            "ItemUnit": "3,29€/kg",
            "local_image_path": "Lebensmittel/Beilagen/alnatura_bio_langkornreis_parboiled_1kg.jpg"
          },
          {
            "image_urls": [
              "https://www.edeka24.de/out/pictures/generated/product/1/224_224_90/bio_edeka_kichererbsen_500g.jpg"
            ],
            "ItemTitle": "EDEKA Bio Kichererbsen 500G",
            "ItemPrice": "1,75€",
            "ItemUnit": "3,50€/kg",
            "local_image_path": "Bio-Produkte/Bio Marken/bio_edeka_kichererbsen_500g.jpg"
          },
          {
            "image_urls": [
              "https://www.edeka24.de/out/pictures/generated/product/1/224_224_90/bio_edeka_my_veggie_vegane_falafelmischung_175g.jpg"
            ],
            "ItemTitle": "EDEKA Bio My Veggie Falafelmischung 175G",
            "ItemPrice": "1,49€",
            "ItemUnit": "8,51€/kg",
            "local_image_path": "Bio-Produkte/Bio Marken/bio_edeka_my_veggie_vegane_falafelmischung_175g.jpg"
          },
          {
            "image_urls": [
              "https://www.edeka24.de/out/pictures/generated/product/1/224_224_90/4104420010666-alnatura-bio-berglinsen.jpg"
            ],
            "ItemTitle": "Alnatura Bio Berglinsen 500G",
            "ItemPrice": "2,69€",
            "ItemUnit": "5,38€/kg",
            "local_image_path": "Lebensmittel/Beilagen/4104420010666-alnatura-bio-berglinsen.jpg"
          },
          {
            "image_urls": [
              "https://www.edeka24.de/out/pictures/generated/product/1/224_224_90/alnatura_bio_rote_linsen.jpg"
            ],
            "ItemTitle": "Alnatura Bio Rote Linsen 500G",
            "ItemPrice": "2,69€",
            "ItemUnit": "5,38€/kg",
            "local_image_path": "Lebensmittel/Beilagen/alnatura_bio_rote_linsen.jpg"
          },
          {
            "image_urls": [
              "https://www.edeka24.de/out/pictures/generated/product/1/224_224_90/mmgrneschlerbsen.jpg"
            ],
            "ItemTitle": "Müller's Mühle grüne Schälerbsen 500G",
            "ItemPrice": "1,69€",
            "ItemUnit": "3,38€/kg",
            "local_image_path": "Lebensmittel/Beilagen/mmgrneschlerbsen.jpg"
          },
          {
            "image_urls": [
              "https://www.edeka24.de/out/pictures/generated/product/1/224_224_90/edeka_naturreis_lose.jpg"
            ],
            "ItemTitle": "EDEKA Natur-Reis lose 500G",
            "ItemPrice": "1,39€",
            "ItemUnit": "2,78€/kg",
            "local_image_path": "Lebensmittel/Beilagen/edeka_naturreis_lose.jpg"
          },
          {
            "image_urls": [
              "https://www.edeka24.de/out/pictures/generated/product/1/224_224_90/alnatura_bio_basmati_reis_vollkorn_500_g.jpg"
            ],
            "ItemTitle": "Alnatura Bio Himalaya Basmati Vollkorn Reis 500G",
            "ItemPrice": "3,29€",
            "ItemUnit": "6,58€/kg",
            "local_image_path": "Lebensmittel/Beilagen/alnatura_bio_basmati_reis_vollkorn_500_g.jpg"
          },
          {
            "image_urls": [
              "https://www.edeka24.de/out/pictures/generated/product/1/224_224_90/ideal-reis-lose.jpg"
            ],
            "ItemTitle": "Oryza Ideal Reis lose 500G",
            "ItemPrice": "1,49€",
            "ItemUnit": "2,98€/kg",
            "local_image_path": "Lebensmittel/Beilagen/ideal-reis-lose.jpg"
          },
          {
            "image_urls": [
              "https://www.edeka24.de/out/pictures/generated/product/1/224_224_90/alnatura_bio_dinkelgrie.jpg"
            ],
            "ItemTitle": "Alnatura Bio Dinkel Grieß 500G",
            "ItemPrice": "2,89€",
            "ItemUnit": "5,78€/kg",
            "local_image_path": "Lebensmittel/Beilagen/alnatura_bio_dinkelgrie.jpg"
          },
          {
            "image_urls": [
              "https://www.edeka24.de/out/pictures/generated/product/1/224_224_90/4104420022683-alnatura-bio-kichererbsen-getrocknet.jpg"
            ],
            "ItemTitle": "Alnatura Bio Kichererbsen 500G",
            "ItemPrice": "2,69€",
            "ItemUnit": "5,38€/kg",
            "local_image_path": "Lebensmittel/Beilagen/4104420022683-alnatura-bio-kichererbsen-getrocknet.jpg"
          },
          {
            "image_urls": [
              "https://www.edeka24.de/out/pictures/generated/product/1/224_224_90/mm_wachtelbohnen_500g.jpg"
            ],
            "ItemTitle": "Müller's Mühle Wachtel Bohnen 500G",
            "ItemPrice": "2,69€",
            "ItemUnit": "5,38€/kg",
            "local_image_path": "Lebensmittel/Beilagen/mm_wachtelbohnen_500g.jpg"
          },
          {
            "image_urls": [
              "https://www.edeka24.de/out/pictures/generated/product/1/224_224_90/mm_red_kidney_bohnen_500g.jpg"
            ],
            "ItemTitle": "Müller's Mühle Red Kidney Bohnen 500G",
            "ItemPrice": "2,49€",
            "ItemUnit": "4,98€/kg",
            "local_image_path": "Lebensmittel/Beilagen/mm_red_kidney_bohnen_500g.jpg"
          },
          {
            "image_urls": [
              "https://www.edeka24.de/out/pictures/generated/product/1/224_224_90/edeka_italia_nudeln_tagliatelle_grn.jpg"
            ],
            "ItemTitle": "EDEKA Italia Nudeln Tagliatelle grün 500G",
            "ItemPrice": "1,99€",
            "ItemUnit": "3,98€/kg",
            "local_image_path": "Lebensmittel/Beilagen/edeka_italia_nudeln_tagliatelle_grn.jpg"
          },
          {
            "image_urls": [
              "https://www.edeka24.de/out/pictures/generated/product/1/224_224_90/edeka_italia_nudeln_tagliatelle_gelb.jpg"
            ],
            "ItemTitle": "EDEKA Italia Nudeln Tagliatelle gelb 500G",
            "ItemPrice": "1,99€",
            "ItemUnit": "3,98€/kg",
            "local_image_path": "Lebensmittel/Beilagen/edeka_italia_nudeln_tagliatelle_gelb.jpg"
          },
          {
            "image_urls": [
              "https://www.edeka24.de/out/pictures/generated/product/1/224_224_90/goldpuder_hartweizengrie_500_g.jpg"
            ],
            "ItemTitle": "Goldpuder Hartweizen-Grieß 500G",
            "ItemPrice": "1,49€",
            "ItemUnit": "2,98€/kg",
            "local_image_path": "Lebensmittel/Beilagen/goldpuder_hartweizengrie_500_g.jpg"
          },
          {
            "image_urls": [
              "https://www.edeka24.de/out/pictures/generated/product/1/224_224_90/seeberger_chiasamen_250g.jpg"
            ],
            "ItemTitle": "Seeberger Chia-Samen 250G",
            "ItemPrice": "4,99€",
            "ItemUnit": "19,96€/kg",
            "local_image_path": "Lebensmittel/Beilagen/seeberger_chiasamen_250g.jpg"
          },
          {
            "image_urls": [
              "https://www.edeka24.de/out/pictures/generated/product/1/224_224_90/dececcospagh12.gif"
            ],
            "ItemTitle": "De Cecco Spaghetti No 12 500G",
            "ItemSalePrice": "1,99€",
            "ItemUnit": "3,98€/kg",
            "local_image_path": "Wein/ Spirituosen/Spirituosen/highland_park_18_jahre_single_malt_whisky.jpg"
          },
          {
            "image_urls": [
              "https://www.edeka24.de/out/pictures/generated/product/1/224_224_90/venere.jpg"
            ],
            "ItemTitle": "Gallo Venere Schwarzer Vollkornreis 500G",
            "ItemPrice": "3,49€",
            "ItemUnit": "6,98€/kg",
            "local_image_path": "Lebensmittel/Beilagen/venere.jpg"
          },
          {
            "image_urls": [
              "https://www.edeka24.de/out/pictures/generated/product/1/224_224_90/de_cecco_farfalle_500g.jpg"
            ],
            "ItemTitle": "De Cecco Farfalle No 93 500G",
            "ItemSalePrice": "1,99€",
            "ItemUnit": "3,98€/kg",
            "local_image_path": "Angebote/default_subcategory/de_cecco_farfalle_500g.jpg"
          },
          {
            "image_urls": [
              "https://www.edeka24.de/out/pictures/generated/product/1/224_224_90/bgcouscous.jpg"
            ],
            "ItemTitle": "Bio Gourmet Couscous 500G",
            "ItemPrice": "2,99€",
            "ItemUnit": "5,98€/kg",
            "local_image_path": "Bio-Produkte/Bio Marken/bgcouscous.jpg"
          },
          {
            "image_urls": [
              "https://www.edeka24.de/out/pictures/generated/product/1/224_224_90/veganzseitan.jpg"
            ],
            "ItemTitle": "Veganz Seitan-Basis 250G",
            "ItemPrice": "2,89€",
            "ItemUnit": "11,56€/kg",
            "local_image_path": "Lebensmittel/Beilagen/veganzseitan.jpg"
          },
          {
            "image_urls": [
              "https://www.edeka24.de/out/pictures/generated/product/1/224_224_90/bio_alnatura_origin_volanti_500g(1).jpg"
            ],
            "ItemTitle": "Alnatura Origin Bio Volanti No. 53 500G",
            "ItemPrice": "1,89€",
            "ItemUnit": "3,78€/kg",
            "local_image_path": "Lebensmittel/Beilagen/bio_alnatura_origin_volanti_500g(1).jpg"
          },
          {
            "image_urls": [
              "https://www.edeka24.de/out/pictures/generated/product/1/224_224_90/dmisptzle.jpg"
            ],
            "ItemTitle": "3 Glocken Die mag ich Spätzle 500G",
            "ItemPrice": "1,99€",
            "ItemUnit": "3,98€/kg",
            "local_image_path": "Lebensmittel/Beilagen/dmisptzle.jpg"
          },
          {
            "image_urls": [
              "https://www.edeka24.de/out/pictures/generated/product/1/224_224_90/delverde_classica_tagliatelle_500g.jpg"
            ],
            "ItemTitle": "Delverde Classica Tagliatelle 500G",
            "ItemPrice": "1,89€",
            "ItemUnit": "3,78€/kg",
            "local_image_path": "Lebensmittel/Beilagen/delverde_classica_tagliatelle_500g.jpg"
          },
          {
            "image_urls": [
              "https://www.edeka24.de/out/pictures/generated/product/1/224_224_90/mm_gelbe_schaelerbsen_500g.jpg"
            ],
            "ItemTitle": "Müller's Mühle Gelbe Schälerbsen 500G",
            "ItemPrice": "1,59€",
            "ItemUnit": "3,18€/kg",
            "local_image_path": "Lebensmittel/Beilagen/mm_gelbe_schaelerbsen_500g.jpg"
          },
          {
            "image_urls": [
              "https://www.edeka24.de/out/pictures/generated/product/1/224_224_90/tress_hausmspiralen_500g.jpg"
            ],
            "ItemTitle": "Tress Hausmacher Spiralen 500G",
            "ItemPrice": "3,49€",
            "ItemUnit": "6,98€/kg",
            "local_image_path": "Lebensmittel/Beilagen/tress_hausmspiralen_500g.jpg"
          },
          {
            "image_urls": [
              "https://www.edeka24.de/out/pictures/generated/product/1/224_224_90/barilla_nudeln_penne_rigate_glutenfrei(1).jpg"
            ],
            "ItemTitle": "Barilla Nudeln Penne Rigate glutenfrei 400G",
            "ItemPrice": "3,79€",
            "ItemUnit": "9,48€/kg",
            "local_image_path": "Lebensmittel/Beilagen/barilla_nudeln_penne_rigate_glutenfrei(1).jpg"
          },
          {
            "image_urls": [
              "https://www.edeka24.de/out/pictures/generated/product/1/224_224_90/bggnocchi.jpg"
            ],
            "ItemTitle": "Bio Gourmet Gnocchi 250G",
            "ItemPrice": "3,49€",
            "ItemUnit": "13,96€/kg",
            "local_image_path": "Bio-Produkte/Bio Marken/bggnocchi.jpg"
          },
          {
            "image_urls": [
              "https://www.edeka24.de/out/pictures/generated/product/1/224_224_90/dececcolingu.jpg"
            ],
            "ItemTitle": "De Cecco Linguine No 7 500G",
            "ItemSalePrice": "1,99€",
            "ItemUnit": "3,98€/kg",
            "local_image_path": "Angebote/default_subcategory/dececcolingu.jpg"
          },
          {
            "image_urls": [
              "https://www.edeka24.de/out/pictures/generated/product/1/224_224_90/bio_alnatura_buchweizen_500g.jpg"
            ],
            "ItemTitle": "Alnatura Bio Buchweizen 500G",
            "ItemPrice": "2,79€",
            "ItemUnit": "5,58€/kg",
            "local_image_path": "Lebensmittel/Beilagen/bio_alnatura_buchweizen_500g.jpg"
          },
          {
            "image_urls": [
              "https://www.edeka24.de/out/pictures/generated/product/1/224_224_90/bio_alnatura_naturreis_langkorn_1kg.jpg"
            ],
            "ItemTitle": "Alnatura Bio Naturreis Langkorn 1KG",
            "ItemPrice": "3,29€",
            "ItemUnit": "3,29€/kg",
            "local_image_path": "Lebensmittel/Beilagen/bio_alnatura_naturreis_langkorn_1kg.jpg"
          },
          {
            "image_urls": [
              "https://www.edeka24.de/out/pictures/generated/product/1/224_224_90/mhlenliebe_grnkern_ganz_400g.jpg"
            ],
            "ItemTitle": "Mühlenliebe Grünkern ganz 400G",
            "ItemSalePrice": "1,80€",
            "ItemUnit": "4,50€/kg",
            "local_image_path": "Lebensmittel/Beilagen/mhlenliebe_grnkern_ganz_400g.jpg"
          },
          {
            "image_urls": [
              "https://www.edeka24.de/out/pictures/generated/product/1/224_224_90/oryza_himalbasmreis_lose_1kg.jpg"
            ],
            "ItemTitle": "Oryza Himalaya Basmati lose 1KG",
            "ItemPrice": "3,99€",
            "ItemUnit": "3,99€/kg",
            "local_image_path": "Lebensmittel/Beilagen/oryza_himalbasmreis_lose_1kg.jpg"
          },
          {
            "image_urls": [
              "https://www.edeka24.de/out/pictures/generated/product/1/224_224_90/bio_alnaflohsamenschalen_200g.jpg"
            ],
            "ItemTitle": "Alnatura Bio Flohsamen Schalen 200 g",
            "ItemPrice": "6,49€",
            "ItemUnit": "32,45€/kg",
            "local_image_path": "Lebensmittel/Beilagen/bio_alnaflohsamenschalen_200g.jpg"
          },
          {
            "image_urls": [
              "https://www.edeka24.de/out/pictures/generated/product/1/224_224_90/barilla_nudeln_spaghetti_glutenfrei_400g.jpg"
            ],
            "ItemTitle": "Barilla Nudeln Spaghetti glutenfrei 400G",
            "ItemPrice": "3,79€",
            "ItemUnit": "9,48€/kg",
            "local_image_path": "Lebensmittel/Beilagen/barilla_nudeln_spaghetti_glutenfrei_400g.jpg"
          },
          {
            "image_urls": [
              "https://www.edeka24.de/out/pictures/generated/product/1/224_224_90/schapfenmhle_dinkelgrie.jpg"
            ],
            "ItemTitle": "Schapfenmühle Dinkelgrieß 500G",
            "ItemPrice": "1,99€",
            "ItemUnit": "3,98€/kg",
            "local_image_path": "Lebensmittel/Beilagen/schapfenmhle_dinkelgrie.jpg"
          },
          {
            "image_urls": [
              "https://www.edeka24.de/out/pictures/generated/product/1/224_224_90/bio_leimer_semmelwamp252rfel_knamp246delbrot_250g.jpg"
            ],
            "ItemTitle": "Leimer Bio-Semmelwürfel Knödelbrot 250G",
            "ItemPrice": "2,29€",
            "ItemUnit": "9,16€/kg",
            "local_image_path": "Lebensmittel/Beilagen/bio_leimer_semmelwamp252rfel_knamp246delbrot_250g.jpg"
          },
          {
            "image_urls": [
              "https://www.edeka24.de/out/pictures/generated/product/1/224_224_90/825084-mmweiebohnen500grgb.jpg"
            ],
            "ItemTitle": "Müller's Mühle Weiße Bohnen 500G",
            "ItemPrice": "2,69€",
            "ItemUnit": "5,38€/kg",
            "local_image_path": "Lebensmittel/Beilagen/825084-mmweiebohnen500grgb.jpg"
          },
          {
            "image_urls": [
              "https://www.edeka24.de/out/pictures/generated/product/1/224_224_90/oryzanaturreis.jpg"
            ],
            "ItemTitle": "Oryza Natur Reis 1KG",
            "ItemPrice": "2,79€",
            "ItemUnit": "2,79€/kg",
            "local_image_path": "Lebensmittel/Beilagen/oryzanaturreis.jpg"
          },
          {
            "image_urls": [
              "https://www.edeka24.de/out/pictures/generated/product/1/224_224_90/bio_alnatura_lasagne_250g(1).jpg"
            ],
            "ItemTitle": "Alnatura Bio Lasagne 250G",
            "ItemPrice": "1,89€",
            "ItemUnit": "7,56€/kg",
            "local_image_path": "Lebensmittel/Beilagen/bio_alnatura_lasagne_250g(1).jpg"
          },
          {
            "image_urls": [
              "https://www.edeka24.de/out/pictures/generated/product/1/224_224_90/leimer_eierschberl_suppeneinlage_50_g.jpg"
            ],
            "ItemTitle": "Leimer Eier-Schöberl Suppeneinlage 50G",
            "ItemPrice": "1,49€",
            "ItemUnit": "29,80€/kg",
            "local_image_path": "Lebensmittel/Beilagen/leimer_eierschberl_suppeneinlage_50_g.jpg"
          },
          {
            "image_urls": [
              "https://www.edeka24.de/out/pictures/generated/product/1/224_224_90/bio_alnatura_falafel_170g.jpg"
            ],
            "ItemTitle": "Alnatura Bio Falafel 170G",
            "ItemPrice": "1,89€",
            "ItemUnit": "11,12€/kg",
            "local_image_path": "Lebensmittel/Beilagen/bio_alnatura_falafel_170g.jpg"
          },
          {
            "image_urls": [
              "https://www.edeka24.de/out/pictures/generated/product/1/224_224_90/unverpacktkrbiskerne.jpg"
            ],
            "ItemTitle": "Unverpackt Bio Demeter Kürbiskerne 300G",
            "ItemSalePrice": "7,00€",
            "ItemUnit": "23,33€/kgzzgl.0,15€Pfand",
            "local_image_path": "Lebensmittel/Beilagen/unverpacktkrbiskerne.jpg"
          },
          {
            "image_urls": [
              "https://www.edeka24.de/out/pictures/generated/product/1/224_224_90/barilla_nudeln_la_collezione_cannelloni.jpg"
            ],
            "ItemTitle": "Barilla Nudeln La Collezione Cannelloni 250G",
            "ItemPrice": "2,89€",
            "ItemUnit": "11,56€/kg",
            "local_image_path": "Lebensmittel/Beilagen/barilla_nudeln_la_collezione_cannelloni.jpg"
          },
          {
            "image_urls": [
              "https://www.edeka24.de/out/pictures/generated/product/1/224_224_90/barilla_nudeln_piccolini_mini_penne_rigate(1).jpg"
            ],
            "ItemTitle": "Barilla Nudeln Piccolini Mini Penne Rigate 500G",
            "ItemPrice": "2,19€",
            "ItemUnit": "4,38€/kg",
            "local_image_path": "Lebensmittel/Beilagen/barilla_nudeln_piccolini_mini_penne_rigate(1).jpg"
          },
          {
            "image_urls": [
              "https://www.edeka24.de/out/pictures/generated/product/1/224_224_90/bio_jasberry_reis_250g.jpg"
            ],
            "ItemTitle": "Jasberry Bio Superfood-Reis 250G",
            "ItemPrice": "3,29€",
            "ItemUnit": "13,16€/kg",
            "local_image_path": "Lebensmittel/Beilagen/bio_jasberry_reis_250g.jpg"
          },
          {
            "image_urls": [
              "https://www.edeka24.de/out/pictures/generated/product/1/224_224_90/jasberry_bio_express_superfoodreis_original_200g.jpg"
            ],
            "ItemTitle": "Jasberry Bio Express Superfood-Reis Original 200G",
            "ItemPrice": "2,79€",
            "ItemUnit": "13,95€/kg",
            "local_image_path": "Lebensmittel/Beilagen/jasberry_bio_express_superfoodreis_original_200g.jpg"
          },
          {
            "image_urls": [
              "https://www.edeka24.de/out/pictures/generated/product/1/224_224_90/naduflosa.jpg"
            ],
            "ItemTitle": "Naduria Bio Flohsamenschalen gemahlen 200G",
            "ItemSalePrice": "6,99€",
            "ItemUnit": "34,95€/kg",
            "local_image_path": "Lebensmittel/Beilagen/naduflosa.jpg"
          },
          {
            "image_urls": [
              "https://www.edeka24.de/out/pictures/generated/product/1/224_224_90/miyako_sushi_reis_rundkorn_500g.jpg"
            ],
            "ItemTitle": "Miyako Sushi Reis Rundkorn 500G",
            "ItemPrice": "2,69€",
            "ItemUnit": "5,38€/kg",
            "local_image_path": "Lebensmittel/Internationales/miyako_sushi_reis_rundkorn_500g.jpg"
          },
          {
            "image_urls": [
              "https://www.edeka24.de/out/pictures/generated/product/1/224_224_90/edeka_bio_basmati_reis_400g.jpg"
            ],
            "ItemTitle": "EDEKA Bio Basmati Reis 400G",
            "ItemPrice": "2,79€",
            "ItemUnit": "6,98€/kg",
            "local_image_path": "Lebensmittel/Beilagen/edeka_bio_basmati_reis_400g.jpg"
          },
          {
            "image_urls": [
              "https://www.edeka24.de/out/pictures/generated/product/1/224_224_90/schr_gnocchi_300g.jpg"
            ],
            "ItemTitle": "Schär Gnocchi 300G",
            "ItemPrice": "3,49€",
            "ItemUnit": "11,63€/kg",
            "local_image_path": "Lebensmittel/Beilagen/schr_gnocchi_300g.jpg"
          },
          {
            "image_urls": [
              "https://www.edeka24.de/out/pictures/generated/product/1/224_224_90/bio_alnatura_origin_volanti_500g(1).jpg"
            ],
            "ItemTitle": "Alnatura Origin Bio Volanti No. 53 500G",
            "ItemPrice": "1,89€",
            "ItemUnit": "3,78€/kg",
            "local_image_path": "Lebensmittel/Beilagen/bio_alnatura_origin_volanti_500g(1).jpg"
          },
          {
            "image_urls": [
              "https://www.edeka24.de/out/pictures/generated/product/1/224_224_90/dmisptzle.jpg"
            ],
            "ItemTitle": "3 Glocken Die mag ich Spätzle 500G",
            "ItemPrice": "1,99€",
            "ItemUnit": "3,98€/kg",
            "local_image_path": "Lebensmittel/Beilagen/dmisptzle.jpg"
          },
          {
            "image_urls": [
              "https://www.edeka24.de/out/pictures/generated/product/1/224_224_90/delverde_classica_tagliatelle_500g.jpg"
            ],
            "ItemTitle": "Delverde Classica Tagliatelle 500G",
            "ItemPrice": "1,89€",
            "ItemUnit": "3,78€/kg",
            "local_image_path": "Lebensmittel/Beilagen/delverde_classica_tagliatelle_500g.jpg"
          },
          {
            "image_urls": [
              "https://www.edeka24.de/out/pictures/generated/product/1/224_224_90/mm_gelbe_schaelerbsen_500g.jpg"
            ],
            "ItemTitle": "Müller's Mühle Gelbe Schälerbsen 500G",
            "ItemPrice": "1,59€",
            "ItemUnit": "3,18€/kg",
            "local_image_path": "Lebensmittel/Beilagen/mm_gelbe_schaelerbsen_500g.jpg"
          },
          {
            "image_urls": [
              "https://www.edeka24.de/out/pictures/generated/product/1/224_224_90/tress_hausmspiralen_500g.jpg"
            ],
            "ItemTitle": "Tress Hausmacher Spiralen 500G",
            "ItemPrice": "3,49€",
            "ItemUnit": "6,98€/kg",
            "local_image_path": "Lebensmittel/Beilagen/tress_hausmspiralen_500g.jpg"
          },
          {
            "image_urls": [
              "https://www.edeka24.de/out/pictures/generated/product/1/224_224_90/barilla_nudeln_penne_rigate_glutenfrei(1).jpg"
            ],
            "ItemTitle": "Barilla Nudeln Penne Rigate glutenfrei 400G",
            "ItemPrice": "3,79€",
            "ItemUnit": "9,48€/kg",
            "local_image_path": "Lebensmittel/Beilagen/barilla_nudeln_penne_rigate_glutenfrei(1).jpg"
          },
          {
            "image_urls": [
              "https://www.edeka24.de/out/pictures/generated/product/1/224_224_90/bggnocchi.jpg"
            ],
            "ItemTitle": "Bio Gourmet Gnocchi 250G",
            "ItemPrice": "3,49€",
            "ItemUnit": "13,96€/kg",
            "local_image_path": "Bio-Produkte/Bio Marken/bggnocchi.jpg"
          },
          {
            "image_urls": [
              "https://www.edeka24.de/out/pictures/generated/product/1/224_224_90/dececcolingu.jpg"
            ],
            "ItemTitle": "De Cecco Linguine No 7 500G",
            "ItemSalePrice": "1,99€",
            "ItemUnit": "3,98€/kg",
            "local_image_path": "Angebote/default_subcategory/dececcolingu.jpg"
          },
          {
            "image_urls": [
              "https://www.edeka24.de/out/pictures/generated/product/1/224_224_90/bio_alnatura_buchweizen_500g.jpg"
            ],
            "ItemTitle": "Alnatura Bio Buchweizen 500G",
            "ItemPrice": "2,79€",
            "ItemUnit": "5,58€/kg",
            "local_image_path": "Lebensmittel/Beilagen/bio_alnatura_buchweizen_500g.jpg"
          },
          {
            "image_urls": [
              "https://www.edeka24.de/out/pictures/generated/product/1/224_224_90/bio_alnatura_naturreis_langkorn_1kg.jpg"
            ],
            "ItemTitle": "Alnatura Bio Naturreis Langkorn 1KG",
            "ItemPrice": "3,29€",
            "ItemUnit": "3,29€/kg",
            "local_image_path": "Lebensmittel/Beilagen/bio_alnatura_naturreis_langkorn_1kg.jpg"
          },
          {
            "image_urls": [
              "https://www.edeka24.de/out/pictures/generated/product/1/224_224_90/mhlenliebe_grnkern_ganz_400g.jpg"
            ],
            "ItemTitle": "Mühlenliebe Grünkern ganz 400G",
            "ItemSalePrice": "1,80€",
            "ItemUnit": "4,50€/kg",
            "local_image_path": "Lebensmittel/Beilagen/mhlenliebe_grnkern_ganz_400g.jpg"
          },
          {
            "image_urls": [
              "https://www.edeka24.de/out/pictures/generated/product/1/224_224_90/oryza_himalbasmreis_lose_1kg.jpg"
            ],
            "ItemTitle": "Oryza Himalaya Basmati lose 1KG",
            "ItemPrice": "3,99€",
            "ItemUnit": "3,99€/kg",
            "local_image_path": "Lebensmittel/Beilagen/oryza_himalbasmreis_lose_1kg.jpg"
          },
          {
            "image_urls": [
              "https://www.edeka24.de/out/pictures/generated/product/1/224_224_90/bio_alnaflohsamenschalen_200g.jpg"
            ],
            "ItemTitle": "Alnatura Bio Flohsamen Schalen 200 g",
            "ItemPrice": "6,49€",
            "ItemUnit": "32,45€/kg",
            "local_image_path": "Lebensmittel/Beilagen/bio_alnaflohsamenschalen_200g.jpg"
          },
          {
            "image_urls": [
              "https://www.edeka24.de/out/pictures/generated/product/1/224_224_90/barilla_nudeln_spaghetti_glutenfrei_400g.jpg"
            ],
            "ItemTitle": "Barilla Nudeln Spaghetti glutenfrei 400G",
            "ItemPrice": "3,79€",
            "ItemUnit": "9,48€/kg",
            "local_image_path": "Lebensmittel/Beilagen/barilla_nudeln_spaghetti_glutenfrei_400g.jpg"
          },
          {
            "image_urls": [
              "https://www.edeka24.de/out/pictures/generated/product/1/224_224_90/schapfenmhle_dinkelgrie.jpg"
            ],
            "ItemTitle": "Schapfenmühle Dinkelgrieß 500G",
            "ItemPrice": "1,99€",
            "ItemUnit": "3,98€/kg",
            "local_image_path": "Lebensmittel/Beilagen/schapfenmhle_dinkelgrie.jpg"
          },
          {
            "image_urls": [
              "https://www.edeka24.de/out/pictures/generated/product/1/224_224_90/bio_leimer_semmelwamp252rfel_knamp246delbrot_250g.jpg"
            ],
            "ItemTitle": "Leimer Bio-Semmelwürfel Knödelbrot 250G",
            "ItemPrice": "2,29€",
            "ItemUnit": "9,16€/kg",
            "local_image_path": "Lebensmittel/Beilagen/bio_leimer_semmelwamp252rfel_knamp246delbrot_250g.jpg"
          },
          {
            "image_urls": [
              "https://www.edeka24.de/out/pictures/generated/product/1/224_224_90/825084-mmweiebohnen500grgb.jpg"
            ],
            "ItemTitle": "Müller's Mühle Weiße Bohnen 500G",
            "ItemPrice": "2,69€",
            "ItemUnit": "5,38€/kg",
            "local_image_path": "Lebensmittel/Beilagen/825084-mmweiebohnen500grgb.jpg"
          },
          {
            "image_urls": [
              "https://www.edeka24.de/out/pictures/generated/product/1/224_224_90/oryzanaturreis.jpg"
            ],
            "ItemTitle": "Oryza Natur Reis 1KG",
            "ItemPrice": "2,79€",
            "ItemUnit": "2,79€/kg",
            "local_image_path": "Lebensmittel/Beilagen/oryzanaturreis.jpg"
          },
          {
            "image_urls": [
              "https://www.edeka24.de/out/pictures/generated/product/1/224_224_90/bio_alnatura_lasagne_250g(1).jpg"
            ],
            "ItemTitle": "Alnatura Bio Lasagne 250G",
            "ItemPrice": "1,89€",
            "ItemUnit": "7,56€/kg",
            "local_image_path": "Lebensmittel/Beilagen/bio_alnatura_lasagne_250g(1).jpg"
          },
          {
            "image_urls": [
              "https://www.edeka24.de/out/pictures/generated/product/1/224_224_90/leimer_eierschberl_suppeneinlage_50_g.jpg"
            ],
            "ItemTitle": "Leimer Eier-Schöberl Suppeneinlage 50G",
            "ItemPrice": "1,49€",
            "ItemUnit": "29,80€/kg",
            "local_image_path": "Lebensmittel/Beilagen/leimer_eierschberl_suppeneinlage_50_g.jpg"
          },
          {
            "image_urls": [
              "https://www.edeka24.de/out/pictures/generated/product/1/224_224_90/bio_alnatura_falafel_170g.jpg"
            ],
            "ItemTitle": "Alnatura Bio Falafel 170G",
            "ItemPrice": "1,89€",
            "ItemUnit": "11,12€/kg",
            "local_image_path": "Lebensmittel/Beilagen/bio_alnatura_falafel_170g.jpg"
          },
          {
            "image_urls": [
              "https://www.edeka24.de/out/pictures/generated/product/1/224_224_90/unverpacktkrbiskerne.jpg"
            ],
            "ItemTitle": "Unverpackt Bio Demeter Kürbiskerne 300G",
            "ItemSalePrice": "7,00€",
            "ItemUnit": "23,33€/kgzzgl.0,15€Pfand",
            "local_image_path": "Lebensmittel/Beilagen/unverpacktkrbiskerne.jpg"
          },
          {
            "image_urls": [
              "https://www.edeka24.de/out/pictures/generated/product/1/224_224_90/barilla_nudeln_la_collezione_cannelloni.jpg"
            ],
            "ItemTitle": "Barilla Nudeln La Collezione Cannelloni 250G",
            "ItemPrice": "2,89€",
            "ItemUnit": "11,56€/kg",
            "local_image_path": "Lebensmittel/Beilagen/barilla_nudeln_la_collezione_cannelloni.jpg"
          },
          {
            "image_urls": [
              "https://www.edeka24.de/out/pictures/generated/product/1/224_224_90/barilla_nudeln_piccolini_mini_penne_rigate(1).jpg"
            ],
            "ItemTitle": "Barilla Nudeln Piccolini Mini Penne Rigate 500G",
            "ItemPrice": "2,19€",
            "ItemUnit": "4,38€/kg",
            "local_image_path": "Lebensmittel/Beilagen/barilla_nudeln_piccolini_mini_penne_rigate(1).jpg"
          },
          {
            "image_urls": [
              "https://www.edeka24.de/out/pictures/generated/product/1/224_224_90/bio_jasberry_reis_250g.jpg"
            ],
            "ItemTitle": "Jasberry Bio Superfood-Reis 250G",
            "ItemPrice": "3,29€",
            "ItemUnit": "13,16€/kg",
            "local_image_path": "Lebensmittel/Beilagen/bio_jasberry_reis_250g.jpg"
          },
          {
            "image_urls": [
              "https://www.edeka24.de/out/pictures/generated/product/1/224_224_90/jasberry_bio_express_superfoodreis_original_200g.jpg"
            ],
            "ItemTitle": "Jasberry Bio Express Superfood-Reis Original 200G",
            "ItemPrice": "2,79€",
            "ItemUnit": "13,95€/kg",
            "local_image_path": "Lebensmittel/Beilagen/jasberry_bio_express_superfoodreis_original_200g.jpg"
          },
          {
            "image_urls": [
              "https://www.edeka24.de/out/pictures/generated/product/1/224_224_90/naduflosa.jpg"
            ],
            "ItemTitle": "Naduria Bio Flohsamenschalen gemahlen 200G",
            "ItemSalePrice": "6,99€",
            "ItemUnit": "34,95€/kg",
            "local_image_path": "Lebensmittel/Beilagen/naduflosa.jpg"
          },
          {
            "image_urls": [
              "https://www.edeka24.de/out/pictures/generated/product/1/224_224_90/miyako_sushi_reis_rundkorn_500g.jpg"
            ],
            "ItemTitle": "Miyako Sushi Reis Rundkorn 500G",
            "ItemPrice": "2,69€",
            "ItemUnit": "5,38€/kg",
            "local_image_path": "Lebensmittel/Internationales/miyako_sushi_reis_rundkorn_500g.jpg"
          },
          {
            "image_urls": [
              "https://www.edeka24.de/out/pictures/generated/product/1/224_224_90/edeka_bio_basmati_reis_400g.jpg"
            ],
            "ItemTitle": "EDEKA Bio Basmati Reis 400G",
            "ItemPrice": "2,79€",
            "ItemUnit": "6,98€/kg",
            "local_image_path": "Lebensmittel/Beilagen/edeka_bio_basmati_reis_400g.jpg"
          },
          {
            "image_urls": [
              "https://www.edeka24.de/out/pictures/generated/product/1/224_224_90/schr_gnocchi_300g.jpg"
            ],
            "ItemTitle": "Schär Gnocchi 300G",
            "ItemPrice": "3,49€",
            "ItemUnit": "11,63€/kg",
            "local_image_path": "Lebensmittel/Beilagen/schr_gnocchi_300g.jpg"
          },
          {
            "image_urls": [
              "https://www.edeka24.de/out/pictures/generated/product/1/224_224_90/edeka_parboiled_langkorn_amp_wildreis.jpg"
            ],
            "ItemTitle": "EDEKA Parboiled Langkorn- & Wild-Reis 500G",
            "ItemPrice": "2,29€",
            "ItemUnit": "4,58€/kg",
            "local_image_path": "Lebensmittel/Beilagen/edeka_parboiled_langkorn_amp_wildreis.jpg"
          },
          {
            "image_urls": [
              "https://www.edeka24.de/out/pictures/generated/product/1/224_224_90/4000286221126---mm-rote-linsen-500g_1200.jpg"
            ],
            "ItemTitle": "Müller's Mühle Rote Linsen 500G",
            "ItemPrice": "2,69€",
            "ItemUnit": "5,38€/kg",
            "local_image_path": "Lebensmittel/Beilagen/4000286221126---mm-rote-linsen-500g_1200.jpg"
          },
          {
            "image_urls": [
              "https://www.edeka24.de/out/pictures/generated/product/1/224_224_90/slendier_bio_rice_style_vegan_400_g.jpg"
            ],
            "ItemTitle": "Slendier Bio Rice Style 400G",
            "ItemPrice": "3,29€",
            "ItemUnit": "8,23€/kg",
            "local_image_path": "Lebensmittel/Beilagen/slendier_bio_rice_style_vegan_400_g.jpg"
          },
          {
            "image_urls": [
              "https://www.edeka24.de/out/pictures/generated/product/1/224_224_90/4104420011908alnaturabiogrnkern.png"
            ],
            "ItemTitle": "Alnatura Bio Grünkern 500G",
            "ItemPrice": "3,29€",
            "ItemUnit": "6,58€/kg",
            "local_image_path": "Bio-Produkte/Lebensmittel von Alnatura/4104420011908alnaturabiogrnkern.png"
          },
          {
            "image_urls": [
              "https://www.edeka24.de/out/pictures/generated/product/1/224_224_90/bio_alnatura_naturreis_mit_wildreis_500g.jpg"
            ],
            "ItemTitle": "Alnatura Bio Naturreis mit Wildreis 500G",
            "ItemPrice": "4,99€",
            "ItemUnit": "9,98€/kg",
            "local_image_path": "Lebensmittel/Beilagen/bio_alnatura_naturreis_mit_wildreis_500g.jpg"
          },
          {
            "image_urls": [
              "https://www.edeka24.de/out/pictures/generated/product/1/224_224_90/dmiextrabreite.jpg"
            ],
            "ItemTitle": "3 Glocken Die mag ich Extrabreite 500G",
            "ItemPrice": "1,99€",
            "ItemUnit": "3,98€/kg",
            "local_image_path": "Lebensmittel/Beilagen/dmiextrabreite.jpg"
          },
          {
            "image_urls": [
              "https://www.edeka24.de/out/pictures/generated/product/1/224_224_90/bio_oryza_ideal_reis_500g.jpg"
            ],
            "ItemTitle": "Oryza Bio Ideal Reis 500G",
            "ItemPrice": "3,99€",
            "ItemUnit": "7,98€/kg",
            "local_image_path": "Lebensmittel/Beilagen/bio_oryza_ideal_reis_500g.jpg"
          },
          {
            "image_urls": [
              "https://www.edeka24.de/out/pictures/generated/product/1/224_224_90/unverpacktjasminreis.jpg"
            ],
            "ItemTitle": "Unverpackt Bio Jasminreis 435G",
            "ItemPrice": "4,29€",
            "ItemUnit": "9,86€/kgzzgl.0,15€Pfand",
            "local_image_path": "Bio-Produkte/Bio Marken/unverpacktjasminreis.jpg"
          },
          {
            "image_urls": [
              "https://www.edeka24.de/out/pictures/generated/product/1/224_224_90/barilla_casarecce_500g.jpg"
            ],
            "ItemTitle": "Barilla Casarecce 500G",
            "ItemPrice": "2,89€",
            "ItemUnit": "5,78€/kg",
            "local_image_path": "Wein/ Spirituosen/Spirituosen/highland_park_18_jahre_single_malt_whisky.jpg"
          },
          {
            "image_urls": [
              "https://www.edeka24.de/out/pictures/generated/product/1/224_224_90/unverpacktquinoa.jpg"
            ],
            "ItemTitle": "Unverpackt Bio Quinoa 400G",
            "ItemPrice": "5,99€",
            "ItemUnit": "14,98€/kgzzgl.0,15€Pfand",
            "local_image_path": "Bio-Produkte/Bio Marken/unverpacktquinoa.jpg"
          },
          {
            "image_urls": [
              "https://www.edeka24.de/out/pictures/generated/product/1/224_224_90/bio_edeka_naturreis_langkorn_400g.jpg"
            ],
            "ItemTitle": "EDEKA Bio Naturreis Langkorn 400G",
            "ItemPrice": "2,79€",
            "ItemUnit": "6,98€/kg",
            "local_image_path": "Wein/ Spirituosen/Spirituosen/highland_park_18_jahre_single_malt_whisky.jpg"
          },
          {
            "image_urls": [
              "https://www.edeka24.de/out/pictures/generated/product/1/224_224_90/sgamgnocsard.jpg"
            ],
            "ItemTitle": "Sgambaro Gnocchetti Sardi N27 500G",
            "ItemPrice": "2,69€",
            "ItemUnit": "5,38€/kg",
            "local_image_path": "Wein/ Spirituosen/Spirituosen/highland_park_18_jahre_single_malt_whisky.jpg"
          },
          {
            "image_urls": [
              "https://www.edeka24.de/out/pictures/generated/product/1/224_224_90/dimaspira.jpg"
            ],
            "ItemTitle": "Dinkel Max Bio Spiralen 500G",
            "ItemPrice": "3,49€",
            "ItemUnit": "6,98€/kg",
            "local_image_path": "Bio-Produkte/Bio Marken/dimaspira.jpg"
          },
          {
            "image_urls": [
              "https://www.edeka24.de/out/pictures/generated/product/1/224_224_90/schrlasa.jpg"
            ],
            "ItemTitle": "Schär Lasagne All'Uovo 250G",
            "ItemPrice": "4,79€",
            "ItemUnit": "19,16€/kg",
            "local_image_path": "Wein/ Spirituosen/Spirituosen/highland_park_18_jahre_single_malt_whisky.jpg"
          },
          {
            "image_urls": [
              "https://www.edeka24.de/out/pictures/generated/product/1/224_224_90/genupulingu.jpg"
            ],
            "ItemTitle": "Genuss Pur Linguine 500G",
            "ItemPrice": "1,99€",
            "ItemUnit": "3,98€/kg",
            "local_image_path": "Wein/ Spirituosen/Spirituosen/highland_park_18_jahre_single_malt_whisky.jpg"
          },
          {
            "image_urls": [
              "https://www.edeka24.de/out/pictures/generated/product/1/224_224_90/tress_orighausmband_4mm_500g.jpg"
            ],
            "ItemTitle": "Tress Original Hausmacher Bandnudeln 4mm 500G",
            "ItemPrice": "3,49€",
            "ItemUnit": "6,98€/kg",
            "local_image_path": "Wein/ Spirituosen/Spirituosen/highland_park_18_jahre_single_malt_whisky.jpg"
          },
          {
            "image_urls": [
              "https://www.edeka24.de/out/pictures/generated/product/1/224_224_90/barilla_spaghettoni_albronzo_400g.jpg"
            ],
            "ItemTitle": "Barilla Spaghettoni Al Bronzo 400G",
            "ItemPrice": "2,69€",
            "ItemUnit": "6,73€/kg",
            "local_image_path": "Wein/ Spirituosen/Spirituosen/highland_park_18_jahre_single_malt_whisky.jpg"
          },
          {
            "image_urls": [
              "https://www.edeka24.de/out/pictures/generated/product/1/224_224_90/edeka_italia_nudeln_spaghetti.jpg"
            ],
            "ItemTitle": "EDEKA Italia Nudeln Spaghetti 500G",
            "ItemPrice": "1,49€",
            "ItemUnit": "2,98€/kg",
            "local_image_path": "Lebensmittel/Beilagen/edeka_italia_nudeln_spaghetti.jpg"
          },
          {
            "image_urls": [
              "https://www.edeka24.de/out/pictures/generated/product/1/224_224_90/edeka_italia_nudeln_farfalle.jpg"
            ],
            "ItemTitle": "EDEKA Italia Nudeln Farfalle 500G",
            "ItemPrice": "1,49€",
            "ItemUnit": "2,98€/kg",
            "local_image_path": "Lebensmittel/Beilagen/edeka_italia_nudeln_farfalle.jpg"
          },
          {
            "image_urls": [
              "https://www.edeka24.de/out/pictures/generated/product/1/224_224_90/edeka_italia_nudeln_maccaroni.jpg"
            ],
            "ItemTitle": "EDEKA Italia Nudeln Maccaroni 500G",
            "ItemPrice": "1,49€",
            "ItemUnit": "2,98€/kg",
            "local_image_path": "Lebensmittel/Beilagen/edeka_italia_nudeln_maccaroni.jpg"
          },
          {
            "image_urls": [
              "https://www.edeka24.de/out/pictures/generated/product/1/224_224_90/edeka_langkparboiled_kb_500g.jpg"
            ],
            "ItemTitle": "EDEKA Langkorn Spitzenreis Parboiled im Kochbeutel 4x 125G",
            "ItemPrice": "1,79€",
            "ItemUnit": "3,58€/kg",
            "local_image_path": "Lebensmittel/Beilagen/edeka_langkparboiled_kb_500g.jpg"
          },
          {
            "image_urls": [
              "https://www.edeka24.de/out/pictures/generated/product/1/224_224_90/maggi_semmel_kndel_6er_im_kochbeutel.jpg"
            ],
            "ItemTitle": "Maggi Semmel Knödel 6er im Kochbeutel 200G",
            "ItemPrice": "2,19€",
            "ItemUnit": "10,95€/kg",
            "local_image_path": "Lebensmittel/Beilagen/maggi_semmel_kndel_6er_im_kochbeutel.jpg"
          },
          {
            "image_urls": [
              "https://www.edeka24.de/out/pictures/generated/product/1/224_224_90/edeka_bio_spaghetti_aus_100_hartweizen.jpg"
            ],
            "ItemTitle": "EDEKA Bio Spaghetti aus 100% Hartweizen 500",
            "ItemPrice": "0,89€",
            "ItemUnit": "1,78€/kg",
            "local_image_path": "Lebensmittel/Beilagen/edeka_bio_spaghetti_aus_100_hartweizen.jpg"
          },
          {
            "image_urls": [
              "https://www.edeka24.de/out/pictures/generated/product/1/224_224_90/edeka_basmatireis_im_kochbeutel.jpg"
            ],
            "ItemTitle": "EDEKA Basmati-Reis im Kochbeutel 4x 125G",
            "ItemPrice": "2,69€",
            "ItemUnit": "5,38€/kg",
            "local_image_path": "Lebensmittel/Beilagen/edeka_basmatireis_im_kochbeutel.jpg"
          },
          {
            "image_urls": [
              "https://www.edeka24.de/out/pictures/generated/product/1/224_224_90/alnaturakartopr.jpg"
            ],
            "ItemTitle": "Alnatura Bio Kartoffel Püree locker & cremig 160G",
            "ItemPrice": "2,19€",
            "ItemUnit": "13,69€/kg",
            "local_image_path": "Lebensmittel/Beilagen/alnaturakartopr.jpg"
          },
          {
            "image_urls": [
              "https://www.edeka24.de/out/pictures/generated/product/1/224_224_90/maggi_kartoffel_kndel_halb_amp_halb_im_kochbeutel.jpg"
            ],
            "ItemTitle": "Maggi Kartoffel Knödel Halb & Halb im Kochbeutel 200G",
            "ItemPrice": "2,49€",
            "ItemUnit": "12,45€/kg",
            "local_image_path": "Lebensmittel/Beilagen/maggi_kartoffel_kndel_halb_amp_halb_im_kochbeutel.jpg"
          },
          {
            "image_urls": [
              "https://www.edeka24.de/out/pictures/generated/product/1/224_224_90/barilla_nudeln_penne_rigate_500g.jpg"
            ],
            "ItemTitle": "Barilla Nudeln Penne Rigate 500G",
            "ItemPrice": "2,19€",
            "ItemUnit": "4,38€/kg",
            "local_image_path": "Lebensmittel/Beilagen/barilla_nudeln_penne_rigate_500g.jpg"
          },
          {
            "image_urls": [
              "https://www.edeka24.de/out/pictures/generated/product/1/224_224_90/edeka_italia_nudeln_spirali_tricolori.jpg"
            ],
            "ItemTitle": "EDEKA Italia Spirali Tricolori 500G",
            "ItemPrice": "1,49€",
            "ItemUnit": "2,98€/kg",
            "local_image_path": "Lebensmittel/Beilagen/edeka_italia_nudeln_spirali_tricolori.jpg"
          },
          {
            "image_urls": [
              "https://www.edeka24.de/out/pictures/generated/product/1/224_224_90/leimer_backerbsen_200_g.jpg"
            ],
            "ItemTitle": "Leimer Backerbsen 200G",
            "ItemPrice": "2,19€",
            "ItemUnit": "10,95€/kg",
            "local_image_path": "Lebensmittel/Fertiggerichte/leimer_backerbsen_200_g.jpg"
          },
          {
            "image_urls": [
              "https://www.edeka24.de/out/pictures/generated/product/1/224_224_90/edeka_italia_rigatoni_n26.jpg"
            ],
            "ItemTitle": "EDEKA Italia Mezzi Rigatoni 500G",
            "ItemPrice": "1,49€",
            "ItemUnit": "2,98€/kg",
            "local_image_path": "Lebensmittel/Beilagen/edeka_italia_rigatoni_n26.jpg"
          },
          {
            "image_urls": [
              "https://www.edeka24.de/out/pictures/generated/product/1/224_224_90/leimer_markkloeschen_4000186035502.jpg"
            ],
            "ItemTitle": "Leimer Markklößchen 100G",
            "ItemPrice": "1,59€",
            "ItemUnit": "15,90€/kg",
            "local_image_path": "Lebensmittel/Fertiggerichte/leimer_markkloeschen_4000186035502.jpg"
          },
          {
            "image_urls": [
              "https://www.edeka24.de/out/pictures/generated/product/1/224_224_90/alnatura_bio_basmati_reis_wei_1_kg.jpg"
            ],
            "ItemTitle": "Alnatura Bio Himalaya Basmati Reis 1KG",
            "ItemPrice": "4,99€",
            "ItemUnit": "4,99€/kg",
            "local_image_path": "Lebensmittel/Beilagen/alnatura_bio_basmati_reis_wei_1_kg.jpg"
          },
          {
            "image_urls": [
              "https://www.edeka24.de/out/pictures/generated/product/1/224_224_90/alnatura_bio_tortellini_kse_250_g.jpg"
            ],
            "ItemTitle": "Alnatura Bio Tortellini Käse 250G",
            "ItemPrice": "2,59€",
            "ItemUnit": "10,36€/kg",
            "local_image_path": "Lebensmittel/Beilagen/alnatura_bio_tortellini_kse_250_g.jpg"
          },
          {
            "image_urls": [
              "https://www.edeka24.de/out/pictures/generated/product/1/224_224_90/grocholl_bratkartoffeln_mit_schinken_amp_zwiebeln_400g.jpg"
            ],
            "ItemTitle": "Grocholl Bratkartoffeln mit Schinken & Zwiebeln 400G",
            "ItemPrice": "1,59€",
            "ItemUnit": "3,98€/kg",
            "local_image_path": "Wein/ Spirituosen/Spirituosen/highland_park_18_jahre_single_malt_whisky.jpg"
          },
          {
            "image_urls": [
              "https://www.edeka24.de/out/pictures/generated/product/1/224_224_90/de_cecco_tagliatelle_nidi_semola_500g.jpg"
            ],
            "ItemTitle": "De Cecco Tagliatelle No 203 500G",
            "ItemSalePrice": "1,99€",
            "ItemUnit": "3,98€/kg",
            "local_image_path": "Lebensmittel/Beilagen/de_cecco_tagliatelle_nidi_semola_500g.jpg"
          },
          {
            "image_urls": [
              "https://www.edeka24.de/out/pictures/generated/product/1/224_224_90/bernbacher_nockerlgrie.jpg"
            ],
            "ItemTitle": "Bernbacher Nockerlgrieß 3x 83,4G",
            "ItemPrice": "1,39€",
            "ItemUnit": "5,56€/kg",
            "local_image_path": "Lebensmittel/Beilagen/bernbacher_nockerlgrie.jpg"
          },
          {
            "image_urls": [
              "https://www.edeka24.de/out/pictures/generated/product/1/224_224_90/bio_alnatura_kartoffelknamp246del_225g.jpg"
            ],
            "ItemTitle": "Alnatura Bio Kartoffelknödel halb & halb 225G",
            "ItemPrice": "2,69€",
            "ItemUnit": "11,96€/kg",
            "local_image_path": "Lebensmittel/Beilagen/bio_alnatura_kartoffelknamp246del_225g.jpg"
          },
          {
            "image_urls": [
              "https://www.edeka24.de/out/pictures/generated/product/1/224_224_90/himalaya-basmati-reis-lose.jpg"
            ],
            "ItemTitle": "Oryza Himalaya Basmati Reis lose 500G",
            "ItemPrice": "2,19€",
            "ItemUnit": "4,38€/kg",
            "local_image_path": "Lebensmittel/Beilagen/himalaya-basmati-reis-lose.jpg"
          },
          {
            "image_urls": [
              "https://www.edeka24.de/out/pictures/generated/product/1/224_224_90/edeka_langkorn_spitzenreis_parboiled_lose.jpg"
            ],
            "ItemTitle": "EDEKA Langkorn Spitzenreis Parboiled lose 500G",
            "ItemPrice": "1,49€",
            "ItemUnit": "2,98€/kg",
            "local_image_path": "Lebensmittel/Beilagen/edeka_langkorn_spitzenreis_parboiled_lose.jpg"
          },
          {
            "image_urls": [
              "https://www.edeka24.de/out/pictures/generated/product/1/224_224_90/edeka_milchreis_lose.jpg"
            ],
            "ItemTitle": "EDEKA Milch-Reis lose 500G",
            "ItemPrice": "1,59€",
            "ItemUnit": "3,18€/kg",
            "local_image_path": "Lebensmittel/Beilagen/edeka_milchreis_lose.jpg"
          },
          {
            "image_urls": [
              "https://www.edeka24.de/out/pictures/generated/product/1/224_224_90/edeka_italia_gnocchetti_sardi.jpg"
            ],
            "ItemTitle": "EDEKA Italia Gnocchetti Sardi 500G",
            "ItemPrice": "1,49€",
            "ItemUnit": "2,98€/kg",
            "local_image_path": "Lebensmittel/Beilagen/edeka_italia_gnocchetti_sardi.jpg"
          },
          {
            "image_urls": [
              "https://www.edeka24.de/out/pictures/generated/product/1/224_224_90/bio_alnatura_rote_linsen_burger_200g.jpg"
            ],
            "ItemTitle": "Alnatura Bio Rote Linsen Burger 200G",
            "ItemPrice": "2,89€",
            "ItemUnit": "14,45€/kg",
            "local_image_path": "Lebensmittel/Beilagen/bio_alnatura_rote_linsen_burger_200g.jpg"
          },
          {
            "image_urls": [
              "https://www.edeka24.de/out/pictures/generated/product/1/224_224_90/bio_alnatura_milchreis_500g.jpg"
            ],
            "ItemTitle": "Alnatura Bio Milchreis 500G",
            "ItemPrice": "2,69€",
            "ItemUnit": "5,38€/kg",
            "local_image_path": "Lebensmittel/Beilagen/bio_alnatura_milchreis_500g.jpg"
          },
          {
            "image_urls": [
              "https://www.edeka24.de/out/pictures/generated/product/1/224_224_90/alnatura_bio_dinkel_spirelli_500g.jpg"
            ],
            "ItemTitle": "Alnatura Bio Dinkel Spirelli 500G",
            "ItemPrice": "2,29€",
            "ItemUnit": "4,58€/kg",
            "local_image_path": "Lebensmittel/Beilagen/alnatura_bio_dinkel_spirelli_500g.jpg"
          },
          {
            "image_urls": [
              "https://www.edeka24.de/out/pictures/generated/product/1/224_224_90/maggireikurisbis.jpg"
            ],
            "ItemTitle": "Maggi Reiskugeln Risi-Bisi mit Gemüsestückchen 4x 31,25G",
            "ItemPrice": "2,49€",
            "ItemUnit": "19,92€/kg",
            "local_image_path": "Lebensmittel/Beilagen/maggireikurisbis.jpg"
          },
          {
            "image_urls": [
              "https://www.edeka24.de/out/pictures/generated/product/1/224_224_90/buitoni_nudeln_spaghetti_72.jpg"
            ],
            "ItemTitle": "Delverde Nudeln Spaghetti 72 500G",
            "ItemPrice": "1,99€",
            "ItemUnit": "3,98€/kg",
            "local_image_path": "Lebensmittel/Beilagen/buitoni_nudeln_spaghetti_72.jpg"
          },
          {
            "image_urls": [
              "https://www.edeka24.de/out/pictures/generated/product/1/224_224_90/bio_edeka_jasmin_duftreis_400g.jpg"
            ],
            "ItemTitle": "EDEKA Bio Jasmin Duftreis Thai Hom Mali 400G",
            "ItemPrice": "2,79€",
            "ItemUnit": "6,98€/kg",
            "local_image_path": "Lebensmittel/Beilagen/bio_edeka_jasmin_duftreis_400g.jpg"
          }
        ]
      }
    ]
  },
  {
    "CategoryTitle": "Lebensmittel",
    "Subcategories": [
      {
        "subcategoryTitle": "Soßen",
        "productItems": [
          {
            "image_urls": [
              "https://www.edeka24.de/out/pictures/generated/product/1/224_224_90/bio_edeka_tomaten_in_stamp252cken_400g.jpg"
            ],
            "ItemTitle": "EDEKA Bio Tomaten in Stücken 400G",
            "ItemPrice": "0,99€",
            "ItemUnit": "2,48€/kg",
            "local_image_path": "Lebensmittel/Konserven/bio_edeka_tomaten_in_stamp252cken_400g.jpg"
          },
          {
            "image_urls": [
              "https://www.edeka24.de/out/pictures/generated/product/1/224_224_90/melfor-wuerzmittel-loriginal.jpg"
            ],
            "ItemTitle": "Melfor Würzmittel L`Original 1L",
            "ItemPrice": "1,99€",
            "ItemUnit": "1,99€/l",
            "local_image_path": "Lebensmittel/Soßen/melfor-wuerzmittel-loriginal.jpg"
          },
          {
            "image_urls": [
              "https://www.edeka24.de/out/pictures/generated/product/1/224_224_90/hela_curry_gewrz_ketchup_delikat_800_ml.jpg"
            ],
            "ItemTitle": "Hela Curry Gewürz Ketchup delikat 800ML",
            "ItemPrice": "3,49€",
            "ItemUnit": "4,36€/l",
            "local_image_path": "Lebensmittel/Soßen/hela_curry_gewrz_ketchup_delikat_800_ml.jpg"
          },
          {
            "image_urls": [
              "https://www.edeka24.de/out/pictures/generated/product/1/224_224_90/pomito_passierte_tomaten_500g.jpg"
            ],
            "ItemTitle": "Pomito passierte Tomaten 500G",
            "ItemPrice": "1,39€",
            "ItemUnit": "2,78€/kg",
            "local_image_path": "Lebensmittel/Soßen/pomito_passierte_tomaten_500g.jpg"
          },
          {
            "image_urls": [
              "https://www.edeka24.de/out/pictures/generated/product/1/224_224_90/thomy_les_sauces_tomaten_sahnesauce_250ml.jpg"
            ],
            "ItemTitle": "Thomy Les Sauces Tomaten Sahne-Sauce 250ML",
            "ItemPrice": "1,49€",
            "ItemUnit": "5,96€/l",
            "local_image_path": "Lebensmittel/Soßen/thomy_les_sauces_tomaten_sahnesauce_250ml.jpg"
          },
          {
            "image_urls": [
              "https://www.edeka24.de/out/pictures/generated/product/1/224_224_90/thomy_delikatess_senf_mittelscharf_in_der_tube_gro.jpg"
            ],
            "ItemTitle": "Thomy Delikatess Senf mittelscharf 200ML",
            "ItemPrice": "1,49€",
            "ItemUnit": "7,45€/l",
            "local_image_path": "Lebensmittel/Soßen/thomy_delikatess_senf_mittelscharf_in_der_tube_gro.jpg"
          },
          {
            "image_urls": [
              "https://www.edeka24.de/out/pictures/generated/product/1/224_224_90/mondasobikruter.jpg"
            ],
            "ItemTitle": "Mondamin Soßenbinder für Gemüse 250G",
            "ItemPrice": "1,69€",
            "ItemUnit": "6,76€/kg",
            "local_image_path": "Lebensmittel/Soßen/mondasobikruter.jpg"
          },
          {
            "image_urls": [
              "https://www.edeka24.de/out/pictures/generated/product/1/224_224_90/knorrkaribiksauce.jpg"
            ],
            "ItemTitle": "Knorr Karibik Sauce 250ML",
            "ItemPrice": "1,59€",
            "ItemUnit": "6,36€/l",
            "local_image_path": "Lebensmittel/Soßen/knorrkaribiksauce.jpg"
          },
          {
            "image_urls": [
              "https://www.edeka24.de/out/pictures/generated/product/1/224_224_90/edeka_tomaten_ketchup_300ml.jpg"
            ],
            "ItemTitle": "EDEKA Tomaten Ketchup 300ML",
            "ItemPrice": "1,99€",
            "ItemUnit": "6,63€/l",
            "local_image_path": "Lebensmittel/Soßen/edeka_tomaten_ketchup_300ml.jpg"
          },
          {
            "image_urls": [
              "https://www.edeka24.de/out/pictures/generated/product/1/224_224_90/maggi_wrze_250g.jpg"
            ],
            "ItemTitle": "Maggi Würze 250G",
            "ItemPrice": "2,29€",
            "ItemUnit": "9,16€/kg",
            "local_image_path": "Lebensmittel/Soßen/maggi_wrze_250g.jpg"
          },
          {
            "image_urls": [
              "https://www.edeka24.de/out/pictures/generated/product/1/224_224_90/maggi_tomatensauce_ergibt_2x_250ml.jpg"
            ],
            "ItemTitle": "Maggi Tomaten Sauce ergibt 2x 250ML",
            "ItemPrice": "1,59€",
            "ItemUnit": "3,18€/l",
            "local_image_path": "Lebensmittel/Soßen/maggi_tomatensauce_ergibt_2x_250ml.jpg"
          },
          {
            "image_urls": [
              "https://www.edeka24.de/out/pictures/generated/product/1/224_224_90/mutti_tomatenkonzentrat_3fach_tube_200g.jpg"
            ],
            "ItemTitle": "Mutti Tomatenmark 3-fach konzentriert 200G",
            "ItemPrice": "1,99€",
            "ItemUnit": "9,95€/kg",
            "local_image_path": "Lebensmittel/Soßen/mutti_tomatenkonzentrat_3fach_tube_200g.jpg"
          },
          {
            "image_urls": [
              "https://www.edeka24.de/out/pictures/generated/product/1/224_224_90/edeka_italia_pesto_rosso_190g.jpg"
            ],
            "ItemTitle": "EDEKA Italia Pesto Rosso 190G",
            "ItemPrice": "1,89€",
            "ItemUnit": "9,95€/kg",
            "local_image_path": "Lebensmittel/Soßen/edeka_italia_pesto_rosso_190g.jpg"
          },
          {
            "image_urls": [
              "https://www.edeka24.de/out/pictures/generated/product/1/224_224_90/edeka_italia_pesto_alla_calabrese_190g.jpg"
            ],
            "ItemTitle": "EDEKA Italia Pesto alla Calabrese pikant 190G",
            "ItemPrice": "1,89€",
            "ItemUnit": "9,95€/kg",
            "local_image_path": "Lebensmittel/Soßen/edeka_italia_pesto_alla_calabrese_190g.jpg"
          },
          {
            "image_urls": [
              "https://www.edeka24.de/out/pictures/generated/product/1/224_224_90/thomy_les_sauces_hollandaise_250_ml.jpg"
            ],
            "ItemTitle": "Thomy Les Sauces Hollandaise 250ML",
            "ItemPrice": "1,49€",
            "ItemUnit": "5,96€/l",
            "local_image_path": "Lebensmittel/Soßen/thomy_les_sauces_hollandaise_250_ml.jpg"
          },
          {
            "image_urls": [
              "https://www.edeka24.de/out/pictures/generated/product/1/224_224_90/bio_alnatura_tomatenmark200g.jpg"
            ],
            "ItemTitle": "Alnatura Bio Tomatenmark 200G",
            "ItemPrice": "1,69€",
            "ItemUnit": "8,45€/kg",
            "local_image_path": "Lebensmittel/Soßen/bio_alnatura_tomatenmark200g.jpg"
          },
          {
            "image_urls": [
              "https://www.edeka24.de/out/pictures/generated/product/1/224_224_90/thomy_les_sauces_ksesahnesauce_250_ml.jpg"
            ],
            "ItemTitle": "Thomy Les Sauces Käse Sahne-Sauce 250ML",
            "ItemPrice": "1,49€",
            "ItemUnit": "5,96€/l",
            "local_image_path": "Lebensmittel/Soßen/thomy_les_sauces_ksesahnesauce_250_ml.jpg"
          },
          {
            "image_urls": [
              "https://www.edeka24.de/out/pictures/generated/product/1/224_224_90/edeka_originale_tomatenmark_3fach_konzentriert_200g.jpg"
            ],
            "ItemTitle": "EDEKA Originale Tomatenmark 3-fach konzentriert 200G",
            "ItemPrice": "1,59€",
            "ItemUnit": "7,95€/kg",
            "local_image_path": "Lebensmittel/Soßen/edeka_originale_tomatenmark_3fach_konzentriert_200g.jpg"
          },
          {
            "image_urls": [
              "https://www.edeka24.de/out/pictures/generated/product/1/224_224_90/barilla_pasta_sauce_bolognese(1).jpg"
            ],
            "ItemTitle": "Barilla Pasta Sauce Bolognese 400G",
            "ItemPrice": "4,29€",
            "ItemUnit": "10,73€/kg",
            "local_image_path": "Lebensmittel/Soßen/barilla_pasta_sauce_bolognese(1).jpg"
          },
          {
            "image_urls": [
              "https://www.edeka24.de/out/pictures/generated/product/1/224_224_90/mondamehlschwhell.jpg"
            ],
            "ItemTitle": "Mondamin Klassische Mehlschwitze hell 250G",
            "ItemPrice": "1,69€",
            "ItemUnit": "6,76€/kg",
            "local_image_path": "Lebensmittel/Soßen/mondamehlschwhell.jpg"
          },
          {
            "image_urls": [
              "https://www.edeka24.de/out/pictures/generated/product/1/224_224_90/hndlmaiershms.jpg"
            ],
            "ItemTitle": "Händlmaier süßer Hausmachersenf im Glas 335ML",
            "ItemPrice": "1,89€",
            "ItemUnit": "5,64€/l",
            "local_image_path": "Lebensmittel/Soßen/hndlmaiershms.jpg"
          },
          {
            "image_urls": [
              "https://www.edeka24.de/out/pictures/generated/product/1/224_224_90/thomylspfanne.jpg"
            ],
            "ItemTitle": "Thomy Les Sauces Pfannen Sahne-Sauce 250ML",
            "ItemPrice": "1,49€",
            "ItemUnit": "5,96€/l",
            "local_image_path": "Lebensmittel/Soßen/thomylspfanne.jpg"
          },
          {
            "image_urls": [
              "https://www.edeka24.de/out/pictures/generated/product/1/224_224_90/heinzcurryket.jpg"
            ],
            "ItemTitle": "Heinz Curry Ketchup 500ML",
            "ItemPrice": "3,79€",
            "ItemUnit": "7,58€/l",
            "local_image_path": "Lebensmittel/Soßen/heinzcurryket.jpg"
          },
          {
            "image_urls": [
              "https://www.edeka24.de/out/pictures/generated/product/1/224_224_90/mondamin_fix_soenbinder_dunkel.jpg"
            ],
            "ItemTitle": "Mondamin Soßenbinder dunkel 250G",
            "ItemPrice": "1,69€",
            "ItemUnit": "6,76€/kg",
            "local_image_path": "Lebensmittel/Soßen/mondamin_fix_soenbinder_dunkel.jpg"
          },
          {
            "image_urls": [
              "https://www.edeka24.de/out/pictures/generated/product/1/224_224_90/heinz_bio_tomato_ketchup_400ml.jpg"
            ],
            "ItemTitle": "Heinz Bio Tomato Ketchup 400ML",
            "ItemPrice": "3,79€",
            "ItemUnit": "9,48€/l",
            "local_image_path": "Lebensmittel/Soßen/heinz_bio_tomato_ketchup_400ml.jpg"
          },
          {
            "image_urls": [
              "https://www.edeka24.de/out/pictures/generated/product/1/224_224_90/thomy_les_sauces_schnitzelsahnesauce_250_ml.jpg"
            ],
            "ItemTitle": "Thomy Les Sauces Schnitzel Sahne-Sauce 250ML",
            "ItemPrice": "1,49€",
            "ItemUnit": "5,96€/l",
            "local_image_path": "Lebensmittel/Soßen/thomy_les_sauces_schnitzelsahnesauce_250_ml.jpg"
          },
          {
            "image_urls": [
              "https://www.edeka24.de/out/pictures/generated/product/1/224_224_90/mautner_markhof_estragon_senf_200g.jpg"
            ],
            "ItemTitle": "Mautner Markhof Estragon Senf 200G",
            "ItemPrice": "1,79€",
            "ItemUnit": "8,95€/kg",
            "local_image_path": "Lebensmittel/Soßen/mautner_markhof_estragon_senf_200g.jpg"
          },
          {
            "image_urls": [
              "https://www.edeka24.de/out/pictures/generated/product/1/224_224_90/thomy_delikatess_mayonaise_in_der_tube(1).jpg"
            ],
            "ItemTitle": "Thomy Delikatess Mayonaise in der Tube 200ML",
            "ItemPrice": "2,39€",
            "ItemUnit": "11,95€/l",
            "local_image_path": "Lebensmittel/Soßen/thomy_delikatess_mayonaise_in_der_tube(1).jpg"
          },
          {
            "image_urls": [
              "https://www.edeka24.de/out/pictures/generated/product/1/224_224_90/maggizwiebelsauce.jpg"
            ],
            "ItemTitle": "Maggi Zwiebel-Sauce ergibt 2x 250ML",
            "ItemPrice": "1,59€",
            "ItemUnit": "3,18€/l",
            "local_image_path": "Lebensmittel/Soßen/maggizwiebelsauce.jpg"
          },
          {
            "image_urls": [
              "https://www.edeka24.de/out/pictures/generated/product/1/224_224_90/mutti_tompolpe_pomodoro_400g.jpg"
            ],
            "ItemTitle": "Mutti Polpa Feinstes Tomatenfruchtfleisch 400G",
            "ItemPrice": "1,49€",
            "ItemUnit": "3,73€/kg",
            "local_image_path": "Lebensmittel/Soßen/mutti_tompolpe_pomodoro_400g.jpg"
          },
          {
            "image_urls": [
              "https://www.edeka24.de/out/pictures/generated/product/1/224_224_90/develey_our_original_mayonnaise_500ml.jpg"
            ],
            "ItemTitle": "Develey Our Original Mayonnaise 500ML",
            "ItemPrice": "3,19€",
            "ItemUnit": "6,38€/l",
            "local_image_path": "Lebensmittel/Soßen/develey_our_original_mayonnaise_500ml.jpg"
          },
          {
            "image_urls": [
              "https://www.edeka24.de/out/pictures/generated/product/1/224_224_90/khne_rstzwiebeln(1).jpg"
            ],
            "ItemTitle": "Kühne Röstzwiebeln 100G",
            "ItemPrice": "1,59€",
            "ItemUnit": "15,90€/kg",
            "local_image_path": "Lebensmittel/Soßen/khne_rstzwiebeln(1).jpg"
          },
          {
            "image_urls": [
              "https://www.edeka24.de/out/pictures/generated/product/1/224_224_90/heinz_tomato_ketchup_500ml.jpg"
            ],
            "ItemTitle": "Heinz Tomato Ketchup 500ML",
            "ItemPrice": "3,79€",
            "ItemUnit": "7,58€/l",
            "local_image_path": "Lebensmittel/Soßen/heinz_tomato_ketchup_500ml.jpg"
          },
          {
            "image_urls": [
              "https://www.edeka24.de/out/pictures/generated/product/1/224_224_90/heinz_tomato_ketchup_800ml.jpg"
            ],
            "ItemTitle": "Heinz Tomato Ketchup 800ML",
            "ItemPrice": "4,79€",
            "ItemUnit": "5,99€/l",
            "local_image_path": "Lebensmittel/Soßen/heinz_tomato_ketchup_800ml.jpg"
          },
          {
            "image_urls": [
              "https://www.edeka24.de/out/pictures/generated/product/1/224_224_90/alnatura_bio_pesto_basilico_130_g.jpg"
            ],
            "ItemTitle": "Alnatura Bio Pesto Basilico 130G",
            "ItemPrice": "2,99€",
            "ItemUnit": "23,00€/kg",
            "local_image_path": "Lebensmittel/Soßen/alnatura_bio_pesto_basilico_130_g.jpg"
          },
          {
            "image_urls": [
              "https://www.edeka24.de/out/pictures/generated/product/1/224_224_90/maggi_jgersauce_ergibt_2x_250ml.jpg"
            ],
            "ItemTitle": "Maggi Jäger-Sauce ergibt 2x 250ML",
            "ItemPrice": "1,59€",
            "ItemUnit": "3,18€/l",
            "local_image_path": "Lebensmittel/Soßen/maggi_jgersauce_ergibt_2x_250ml.jpg"
          },
          {
            "image_urls": [
              "https://www.edeka24.de/out/pictures/generated/product/1/224_224_90/mondamehlschwdunkel.jpg"
            ],
            "ItemTitle": "Mondamin Klassische Mehlschwitze dunkel 250G",
            "ItemPrice": "1,69€",
            "ItemUnit": "6,76€/kg",
            "local_image_path": "Lebensmittel/Soßen/mondamehlschwdunkel.jpg"
          },
          {
            "image_urls": [
              "https://www.edeka24.de/out/pictures/generated/product/1/224_224_90/maggi_krutersauce_ergibt_2x_250ml.jpg"
            ],
            "ItemTitle": "Maggi Kräuter Sauce ergibt 2x 250ML",
            "ItemPrice": "1,59€",
            "ItemUnit": "3,18€/l",
            "local_image_path": "Lebensmittel/Soßen/maggi_krutersauce_ergibt_2x_250ml.jpg"
          },
          {
            "image_urls": [
              "https://www.edeka24.de/out/pictures/generated/product/1/224_224_90/thomy_les_sauces_curry_sauce_250ml.jpg"
            ],
            "ItemTitle": "Thomy Les Sauces Curry Sauce 250ML",
            "ItemPrice": "1,49€",
            "ItemUnit": "5,96€/l",
            "local_image_path": "Lebensmittel/Soßen/thomy_les_sauces_curry_sauce_250ml.jpg"
          },
          {
            "image_urls": [
              "https://www.edeka24.de/out/pictures/generated/product/1/224_224_90/knorr_rahm_soamp223e_famp252r_2x250ml_68g.jpg"
            ],
            "ItemTitle": "Knorr Rahm Soße für 2x 250ML 68G",
            "ItemPrice": "1,59€",
            "ItemUnit": "23,38€/kg",
            "local_image_path": "Lebensmittel/Soßen/knorr_rahm_soamp223e_famp252r_2x250ml_68g.jpg"
          },
          {
            "image_urls": [
              "https://www.edeka24.de/out/pictures/generated/product/1/224_224_90/bio_edeka_tomatensauce_klassik_350ml.jpg"
            ],
            "ItemTitle": "EDEKA Bio Tomatensauce Klassik 350ML",
            "ItemPrice": "1,69€",
            "ItemUnit": "4,83€/l",
            "local_image_path": "Lebensmittel/Soßen/bio_edeka_tomatensauce_klassik_350ml.jpg"
          },
          {
            "image_urls": [
              "https://www.edeka24.de/out/pictures/generated/product/1/224_224_90/knorr_salatkrnung_zwiebelkruter_5st.jpg"
            ],
            "ItemTitle": "Knorr Salatkrönung Zwiebel-Kräuter 5ST",
            "ItemPrice": "1,59€",
            "ItemUnit": "0,32€/st",
            "local_image_path": "Lebensmittel/Soßen/knorr_salatkrnung_zwiebelkruter_5st.jpg"
          },
          {
            "image_urls": [
              "https://www.edeka24.de/out/pictures/generated/product/1/224_224_90/hela_curry_gewamp252rzketchup_delikat_300ml.jpg"
            ],
            "ItemTitle": "Hela Curry Gewürzketchup Delikat 300ML",
            "ItemPrice": "2,59€",
            "ItemUnit": "8,63€/l",
            "local_image_path": "Lebensmittel/Soßen/hela_curry_gewamp252rzketchup_delikat_300ml.jpg"
          },
          {
            "image_urls": [
              "https://www.edeka24.de/out/pictures/generated/product/1/224_224_90/schamelschawtub.jpg"
            ],
            "ItemTitle": "Schamel Bayerischer Meerrettich scharfwürzig 90G",
            "ItemPrice": "1,99€",
            "ItemUnit": "22,11€/kg",
            "local_image_path": "Lebensmittel/Soßen/schamelschawtub.jpg"
          },
          {
            "image_urls": [
              "https://www.edeka24.de/out/pictures/generated/product/1/224_224_90/edeka_italia_pesto_alla_genovese_190g.jpg"
            ],
            "ItemTitle": "EDEKA Italia Pesto alla Genovese 190G",
            "ItemPrice": "1,89€",
            "ItemUnit": "9,95€/kg",
            "local_image_path": "Lebensmittel/Soßen/edeka_italia_pesto_alla_genovese_190g.jpg"
          },
          {
            "image_urls": [
              "https://www.edeka24.de/out/pictures/generated/product/1/224_224_90/maggi_wrze_hot.jpg"
            ],
            "ItemTitle": "Maggi Würze Hot 119G",
            "ItemPrice": "1,89€",
            "ItemUnit": "15,88€/kg",
            "local_image_path": "Lebensmittel/Soßen/maggi_wrze_hot.jpg"
          },
          {
            "image_urls": [
              "https://www.edeka24.de/out/pictures/generated/product/1/224_224_90/alnatura_bio_tomaten_ketchup.jpg"
            ],
            "ItemTitle": "Alnatura Bio Tomaten Ketchup 500ML",
            "ItemPrice": "2,69€",
            "ItemUnit": "5,38€/l",
            "local_image_path": "Lebensmittel/Soßen/alnatura_bio_tomaten_ketchup.jpg"
          },
          {
            "image_urls": [
              "https://www.edeka24.de/out/pictures/generated/product/1/224_224_90/thomy_gourmet_remoulade_in_der_tube.jpg"
            ],
            "ItemTitle": "Thomy Gourmet Remoulade in der Tube 200ML",
            "ItemPrice": "2,69€",
            "ItemUnit": "13,45€/l",
            "local_image_path": "Lebensmittel/Soßen/thomy_gourmet_remoulade_in_der_tube.jpg"
          },
          {
            "image_urls": [
              "https://www.edeka24.de/out/pictures/generated/product/1/224_224_90/4104420031081alnaturabiotomatensaucetoscana.png"
            ],
            "ItemTitle": "Alnatura Bio Tomatensauce Toscana 325ML",
            "ItemPrice": "1,89€",
            "ItemUnit": "5,82€/l",
            "local_image_path": "Lebensmittel/Soßen/4104420031081alnaturabiotomatensaucetoscana.png"
          },
          {
            "image_urls": [
              "https://www.edeka24.de/out/pictures/generated/product/1/224_224_90/develey_ssauer_sauce_250_ml.jpg"
            ],
            "ItemTitle": "Develey Süß-Sauer Sauce 250ML",
            "ItemPrice": "1,89€",
            "ItemUnit": "7,56€/l",
            "local_image_path": "Lebensmittel/Soßen/develey_ssauer_sauce_250_ml.jpg"
          },
          {
            "image_urls": [
              "https://www.edeka24.de/out/pictures/generated/product/1/224_224_90/knorrrahmsoe175liter.jpg"
            ],
            "ItemTitle": "Knorr Rahmsoße 238G",
            "ItemPrice": "3,29€",
            "ItemUnit": "13,82€/kg",
            "local_image_path": "Lebensmittel/Soßen/knorrrahmsoe175liter.jpg"
          },
          {
            "image_urls": [
              "https://www.edeka24.de/out/pictures/generated/product/1/224_224_90/maggi_delikatess_sauce_zu_braten_ergibt_3x_250ml.jpg"
            ],
            "ItemTitle": "Maggi Delikatess Sauce zu Braten ergibt 3x 250ML",
            "ItemPrice": "1,39€",
            "ItemUnit": "1,85€/l",
            "local_image_path": "Lebensmittel/Soßen/maggi_delikatess_sauce_zu_braten_ergibt_3x_250ml.jpg"
          },
          {
            "image_urls": [
              "https://www.edeka24.de/out/pictures/generated/product/1/224_224_90/maille_dijon_senf_originale.jpg"
            ],
            "ItemTitle": "Maille Dijon Senf Originale 200ML",
            "ItemPrice": "2,39€",
            "ItemUnit": "11,95€/l",
            "local_image_path": "Lebensmittel/Soßen/maille_dijon_senf_originale.jpg"
          },
          {
            "image_urls": [
              "https://www.edeka24.de/out/pictures/generated/product/1/224_224_90/thomy_remoulade_in_der_tube.jpg"
            ],
            "ItemTitle": "Thomy Remoulade in der Tube 200 ml",
            "ItemPrice": "2,39€",
            "ItemUnit": "11,95€/l",
            "local_image_path": "Lebensmittel/Soßen/thomy_remoulade_in_der_tube.jpg"
          },
          {
            "image_urls": [
              "https://www.edeka24.de/out/pictures/generated/product/1/224_224_90/helacurryket.jpg"
            ],
            "ItemTitle": "Hela Curry Gewürz-Ketchup scharf 800ML",
            "ItemPrice": "3,49€",
            "ItemUnit": "4,36€/l",
            "local_image_path": "Lebensmittel/Soßen/helacurryket.jpg"
          },
          {
            "image_urls": [
              "https://www.edeka24.de/out/pictures/generated/product/1/224_224_90/barillapestorosso.jpg"
            ],
            "ItemTitle": "Barilla Pesto Rosso 200G",
            "ItemPrice": "3,69€",
            "ItemUnit": "18,45€/kg",
            "local_image_path": "Lebensmittel/Soßen/barillapestorosso.jpg"
          },
          {
            "image_urls": [
              "https://www.edeka24.de/out/pictures/generated/product/1/224_224_90/maggi_idee_fr_hackfleisch_ksesuppe_46_g.jpg"
            ],
            "ItemTitle": "Maggi Hackfleisch Käse-Suppe 46G",
            "ItemPrice": "1,19€",
            "ItemUnit": "25,87€/kg",
            "local_image_path": "Wein/ Spirituosen/Spirituosen/highland_park_18_jahre_single_malt_whisky.jpg"
          },
          {
            "image_urls": [
              "https://www.edeka24.de/out/pictures/generated/product/1/224_224_90/alnatura_bio_ganze_tomaten_geschlt_400_g.jpg"
            ],
            "ItemTitle": "Alnatura Bio Ganze Tomaten geschält 400G",
            "ItemPrice": "1,19€",
            "ItemUnit": "4,96€/kg",
            "local_image_path": "Bio-Produkte/Lebensmittel von Alnatura/alnatura_bio_ganze_tomaten_geschlt_400_g.jpg"
          },
          {
            "image_urls": [
              "https://www.edeka24.de/out/pictures/generated/product/1/224_224_90/gutampampgamp220nstig_pesto_rosso_190g.jpg"
            ],
            "ItemTitle": "Gut & Günstig Pesto Rosso cremig 190G",
            "ItemPrice": "1,39€",
            "ItemUnit": "7,32€/kg",
            "local_image_path": "Lebensmittel/Soßen/gutampampgamp220nstig_pesto_rosso_190g.jpg"
          },
          {
            "image_urls": [
              "https://www.edeka24.de/out/pictures/generated/product/1/224_224_90/mautntiroler_krensenf_200g.jpg"
            ],
            "ItemTitle": "Mautner Markhof Tiroler Hüttensenf mit Kren 200G",
            "ItemPrice": "1,59€",
            "ItemUnit": "7,95€/kg",
            "local_image_path": "Lebensmittel/Soßen/mautntiroler_krensenf_200g.jpg"
          },
          {
            "image_urls": [
              "https://www.edeka24.de/out/pictures/generated/product/1/224_224_90/edeka_aiolicreme_300ml.jpg"
            ],
            "ItemTitle": "EDEKA Aioli-Creme 300ML",
            "ItemPrice": "1,29€",
            "ItemUnit": "4,30€/l",
            "local_image_path": "Lebensmittel/Soßen/edeka_aiolicreme_300ml.jpg"
          },
          {
            "image_urls": [
              "https://www.edeka24.de/out/pictures/generated/product/1/224_224_90/alnatura_bio_curry_gewrz_ketchup_500_ml.jpg"
            ],
            "ItemTitle": "Alnatura Bio Curry Gewürz Ketchup 500ML",
            "ItemPrice": "2,89€",
            "ItemUnit": "5,78€/l",
            "local_image_path": "Lebensmittel/Soßen/alnatura_bio_curry_gewrz_ketchup_500_ml.jpg"
          },
          {
            "image_urls": [
              "https://www.edeka24.de/out/pictures/generated/product/1/224_224_90/barilla_pesto_alla_genovese_190g.jpg"
            ],
            "ItemTitle": "Barilla Pesto alla Genovese 190G",
            "ItemPrice": "3,69€",
            "ItemUnit": "19,42€/kg",
            "local_image_path": "Lebensmittel/Soßen/barilla_pesto_alla_genovese_190g.jpg"
          },
          {
            "image_urls": [
              "https://www.edeka24.de/out/pictures/generated/product/1/224_224_90/maggi_delikatess_sauce_zu_braten_ergibt_3l.jpg"
            ],
            "ItemTitle": "Maggi Delikatess Sauce zu Braten ergibt 3L",
            "ItemPrice": "3,49€",
            "ItemUnit": "1,16€/l",
            "local_image_path": "Lebensmittel/Soßen/maggi_delikatess_sauce_zu_braten_ergibt_3l.jpg"
          },
          {
            "image_urls": [
              "https://www.edeka24.de/out/pictures/generated/product/1/224_224_90/khnemittelsenf.jpg"
            ],
            "ItemTitle": "Kühne Mittelscharfer Senf 875ML",
            "ItemPrice": "2,25€",
            "ItemUnit": "2,57€/l",
            "local_image_path": "Lebensmittel/Soßen/khnemittelsenf.jpg"
          },
          {
            "image_urls": [
              "https://www.edeka24.de/out/pictures/generated/product/1/224_224_90/maggi_delikatess_sauce_zu_schweinebraten_2x_250ml.jpg"
            ],
            "ItemTitle": "Maggi Sauce zu Schweinebraten ergibt 2x 250ML",
            "ItemPrice": "1,59€",
            "ItemUnit": "3,18€/l",
            "local_image_path": "Lebensmittel/Soßen/maggi_delikatess_sauce_zu_schweinebraten_2x_250ml.jpg"
          },
          {
            "image_urls": [
              "https://www.edeka24.de/out/pictures/generated/product/1/224_224_90/ming_chu_sambal_oelek_200g.jpg"
            ],
            "ItemTitle": "Ming Chu Sambal Oelek 200G",
            "ItemPrice": "1,79€",
            "ItemUnit": "8,95€/kg",
            "local_image_path": "Lebensmittel/Internationales/ming_chu_sambal_oelek_200g.jpg"
          },
          {
            "image_urls": [
              "https://www.edeka24.de/out/pictures/generated/product/1/224_224_90/maggi_rahmsauce_zu_braten_ergibt_2x_250ml.jpg"
            ],
            "ItemTitle": "Maggi Rahm-Sauce zu Braten ergibt 2x 250ML",
            "ItemPrice": "1,59€",
            "ItemUnit": "3,18€/l",
            "local_image_path": "Lebensmittel/Soßen/maggi_rahmsauce_zu_braten_ergibt_2x_250ml.jpg"
          },
          {
            "image_urls": [
              "https://www.edeka24.de/out/pictures/generated/product/1/224_224_90/maggi_sauce_zu_geflgel_ergibt_2x_250ml.jpg"
            ],
            "ItemTitle": "Maggi Sauce zu Geflügel ergibt 2x 250ML",
            "ItemPrice": "1,59€",
            "ItemUnit": "3,18€/l",
            "local_image_path": "Lebensmittel/Soßen/maggi_sauce_zu_geflgel_ergibt_2x_250ml.jpg"
          },
          {
            "image_urls": [
              "https://www.edeka24.de/out/pictures/generated/product/1/224_224_90/knorr_soe_zum_braten_ergibt_3x_250ml_69g.jpg"
            ],
            "ItemTitle": "Knorr Soße zum Braten ergibt 3x 250ML 69G",
            "ItemPrice": "1,39€",
            "ItemUnit": "20,14€/kg",
            "local_image_path": "Lebensmittel/Soßen/knorr_soe_zum_braten_ergibt_3x_250ml_69g.jpg"
          },
          {
            "image_urls": [
              "https://www.edeka24.de/out/pictures/generated/product/1/224_224_90/maggi_fix_broccoli_gratin_36g.jpg"
            ],
            "ItemTitle": "Maggi Broccoli Gratin 36G MHD 09.2023",
            "ItemSalePrice": "0,60€",
            "ItemUnit": "16,67€/kg",
            "local_image_path": "Lebensmittel/Soßen/maggi_fix_broccoli_gratin_36g.jpg"
          },
          {
            "image_urls": [
              "https://www.edeka24.de/out/pictures/generated/product/1/224_224_90/knorr_kramp228uter_soamp223e_famp252r_2x250ml_58g.jpg"
            ],
            "ItemTitle": "Knorr Kräuter Soße ergibt 2x 250ML 58G",
            "ItemPrice": "1,59€",
            "ItemUnit": "27,41€/kg",
            "local_image_path": "Lebensmittel/Soßen/knorr_kramp228uter_soamp223e_famp252r_2x250ml_58g.jpg"
          },
          {
            "image_urls": [
              "https://www.edeka24.de/out/pictures/generated/product/1/224_224_90/maggi_schnitzelsauce_ergibt_2x_250_ml.jpg"
            ],
            "ItemTitle": "Maggi Schnitzel-Sauce ergibt 2x 250ML",
            "ItemPrice": "1,59€",
            "ItemUnit": "3,18€/l",
            "local_image_path": "Lebensmittel/Soßen/maggi_schnitzelsauce_ergibt_2x_250_ml.jpg"
          },
          {
            "image_urls": [
              "https://www.edeka24.de/out/pictures/generated/product/1/224_224_90/sersenf225ml.jpg"
            ],
            "ItemTitle": "Händlmaier süßer Hausmachersenf 225ML",
            "ItemPrice": "2,19€",
            "ItemUnit": "9,73€/l",
            "local_image_path": "Wein/ Spirituosen/Spirituosen/highland_park_18_jahre_single_malt_whisky.jpg"
          },
          {
            "image_urls": [
              "https://www.edeka24.de/out/pictures/generated/product/1/224_224_90/knorr_tomato_al_gusto_kruter_sauce(1).jpg"
            ],
            "ItemTitle": "Knorr Tomato al Gusto Kräuter Sauce 370G",
            "ItemPrice": "1,89€",
            "ItemUnit": "5,11€/kg",
            "local_image_path": "Lebensmittel/Soßen/knorr_tomato_al_gusto_kruter_sauce(1).jpg"
          },
          {
            "image_urls": [
              "https://www.edeka24.de/out/pictures/generated/product/1/224_224_90/alnatura_bio_delikatess_mayonnaise_mit_ei.jpg"
            ],
            "ItemTitle": "Alnatura Bio Delikatess Mayonnaise 250ML",
            "ItemPrice": "2,39€",
            "ItemUnit": "9,56€/l",
            "local_image_path": "Lebensmittel/Soßen/alnatura_bio_delikatess_mayonnaise_mit_ei.jpg"
          },
          {
            "image_urls": [
              "https://www.edeka24.de/out/pictures/generated/product/1/224_224_90/mutti_passierte_italienische_tomaten_700_g.jpg"
            ],
            "ItemTitle": "Mutti Passierte Italienische Tomaten 700G",
            "ItemPrice": "2,59€",
            "ItemUnit": "3,70€/kg",
            "local_image_path": "Lebensmittel/Soßen/mutti_passierte_italienische_tomaten_700_g.jpg"
          },
          {
            "image_urls": [
              "https://www.edeka24.de/out/pictures/generated/product/1/224_224_90/maggi_currysauce_ergibt_2x_250ml.jpg"
            ],
            "ItemTitle": "Maggi Curry Sauce ergibt 2x 250ML",
            "ItemPrice": "1,59€",
            "ItemUnit": "3,18€/l",
            "local_image_path": "Lebensmittel/Soßen/maggi_currysauce_ergibt_2x_250ml.jpg"
          },
          {
            "image_urls": [
              "https://www.edeka24.de/out/pictures/generated/product/1/224_224_90/bio_alnatura_tomatensauce_gegrilltes_gemamp252se_350ml.jpg"
            ],
            "ItemTitle": "Alnatura Bio Tomatensauce Gegrilltes Gemüse 350ML",
            "ItemPrice": "2,69€",
            "ItemUnit": "7,69€/l",
            "local_image_path": "Bio-Produkte/Lebensmittel von Alnatura/bio_alnatura_tomatensauce_gegrilltes_gemamp252se_350ml.jpg"
          },
          {
            "image_urls": [
              "https://www.edeka24.de/out/pictures/generated/product/1/224_224_90/maggi_fix_spaghetti_bolognese_100_natrliche_zutaten_36g.jpg"
            ],
            "ItemTitle": "Maggi Fix Spaghetti Bolognese 100% natürliche Zutaten 36G",
            "ItemPrice": "1,19€",
            "ItemUnit": "33,06€/kg",
            "local_image_path": "Lebensmittel/Soßen/maggi_fix_spaghetti_bolognese_100_natrliche_zutaten_36g.jpg"
          },
          {
            "image_urls": [
              "https://www.edeka24.de/out/pictures/generated/product/1/224_224_90/knorr_fix_fr_gebratene_nudeln_30g.jpg"
            ],
            "ItemTitle": "Knorr Fix für Gebratene Asia Nudeln 30G",
            "ItemPrice": "1,09€",
            "ItemUnit": "36,33€/kg",
            "local_image_path": "Lebensmittel/Soßen/knorr_fix_fr_gebratene_nudeln_30g.jpg"
          },
          {
            "image_urls": [
              "https://www.edeka24.de/out/pictures/generated/product/1/224_224_90/maggi_fix_geschnetzeltes_zamp252rcher_art_47g.jpg"
            ],
            "ItemTitle": "Maggi Geschnetzeltes Zürcher Art 47G",
            "ItemPrice": "1,19€",
            "ItemUnit": "25,32€/kg",
            "local_image_path": "Wein/ Spirituosen/Spirituosen/highland_park_18_jahre_single_malt_whisky.jpg"
          },
          {
            "image_urls": [
              "https://www.edeka24.de/out/pictures/generated/product/1/224_224_90/papa_joe039s_tomaten_ketchup_500ml.jpg"
            ],
            "ItemTitle": "Papa Joe's Tomaten Ketchup 500ML",
            "ItemPrice": "2,89€",
            "ItemUnit": "5,78€/l",
            "local_image_path": "Lebensmittel/Soßen/papa_joe039s_tomaten_ketchup_500ml.jpg"
          },
          {
            "image_urls": [
              "https://www.edeka24.de/out/pictures/generated/product/1/224_224_90/homann_paprika_sauce_400ml.jpg"
            ],
            "ItemTitle": "Homann Paprika Sauce Balkan Art 400ML",
            "ItemPrice": "2,19€",
            "ItemUnit": "5,48€/l",
            "local_image_path": "Lebensmittel/Soßen/homann_paprika_sauce_400ml.jpg"
          },
          {
            "image_urls": [
              "https://www.edeka24.de/out/pictures/generated/product/1/224_224_90/4104420136021bioalnaturatomateninstckekruter-herbes.png"
            ],
            "ItemTitle": "Alnatura Bio Tomaten in Stücke Kräuter 400G",
            "ItemPrice": "1,19€",
            "ItemUnit": "4,96€/kg",
            "local_image_path": "Lebensmittel/Soßen/4104420136021bioalnaturatomateninstckekruter-herbes.png"
          },
          {
            "image_urls": [
              "https://www.edeka24.de/out/pictures/generated/product/1/224_224_90/khne_honig_amp_senf_dressing.jpg"
            ],
            "ItemTitle": "Kühne Honig & Senf Dressing 250G",
            "ItemPrice": "1,99€",
            "ItemUnit": "7,96€/l",
            "local_image_path": "Wein/ Spirituosen/Spirituosen/highland_park_18_jahre_single_malt_whisky.jpg"
          },
          {
            "image_urls": [
              "https://www.edeka24.de/out/pictures/generated/product/1/224_224_90/maggi_sauce_zu_hackbraten_ergibt_2x_250ml.jpg"
            ],
            "ItemTitle": "Maggi Sauce zu Hackbraten ergibt 2x 250ML",
            "ItemPrice": "1,59€",
            "ItemUnit": "3,18€/l",
            "local_image_path": "Lebensmittel/Soßen/maggi_sauce_zu_hackbraten_ergibt_2x_250ml.jpg"
          },
          {
            "image_urls": [
              "https://www.edeka24.de/out/pictures/generated/product/1/224_224_90/alnatura_bio_tomaten_in_stcke_natur_400_g.jpg"
            ],
            "ItemTitle": "Alnatura Bio Tomaten Stücke Natur 400G",
            "ItemPrice": "1,29€",
            "ItemUnit": "5,38€/kg",
            "local_image_path": "Lebensmittel/Soßen/alnatura_bio_tomaten_in_stcke_natur_400_g.jpg"
          },
          {
            "image_urls": [
              "https://www.edeka24.de/out/pictures/generated/product/1/224_224_90/chio_dip_hot_cheese_200ml.jpg"
            ],
            "ItemTitle": "Chio Dip! Hot Cheese 200ML",
            "ItemPrice": "2,79€",
            "ItemUnit": "13,95€/l",
            "local_image_path": "Lebensmittel/Soßen/chio_dip_hot_cheese_200ml.jpg"
          },
          {
            "image_urls": [
              "https://www.edeka24.de/out/pictures/generated/product/1/224_224_90/mondamin_soenbinder_hell.jpg"
            ],
            "ItemTitle": "Mondamin Soßenbinder hell 250G",
            "ItemPrice": "1,69€",
            "ItemUnit": "6,76€/kg",
            "local_image_path": "Lebensmittel/Soßen/mondamin_soenbinder_hell.jpg"
          },
          {
            "image_urls": [
              "https://www.edeka24.de/out/pictures/generated/product/1/224_224_90/edeka_aiolicreme_300ml.jpg"
            ],
            "ItemTitle": "EDEKA Aioli-Creme 300ML",
            "ItemPrice": "1,29€",
            "ItemUnit": "4,30€/l",
            "local_image_path": "Lebensmittel/Soßen/edeka_aiolicreme_300ml.jpg"
          },
          {
            "image_urls": [
              "https://www.edeka24.de/out/pictures/generated/product/1/224_224_90/alnatura_bio_curry_gewrz_ketchup_500_ml.jpg"
            ],
            "ItemTitle": "Alnatura Bio Curry Gewürz Ketchup 500ML",
            "ItemPrice": "2,89€",
            "ItemUnit": "5,78€/l",
            "local_image_path": "Lebensmittel/Soßen/alnatura_bio_curry_gewrz_ketchup_500_ml.jpg"
          },
          {
            "image_urls": [
              "https://www.edeka24.de/out/pictures/generated/product/1/224_224_90/barilla_pesto_alla_genovese_190g.jpg"
            ],
            "ItemTitle": "Barilla Pesto alla Genovese 190G",
            "ItemPrice": "3,69€",
            "ItemUnit": "19,42€/kg",
            "local_image_path": "Lebensmittel/Soßen/barilla_pesto_alla_genovese_190g.jpg"
          },
          {
            "image_urls": [
              "https://www.edeka24.de/out/pictures/generated/product/1/224_224_90/maggi_delikatess_sauce_zu_braten_ergibt_3l.jpg"
            ],
            "ItemTitle": "Maggi Delikatess Sauce zu Braten ergibt 3L",
            "ItemPrice": "3,49€",
            "ItemUnit": "1,16€/l",
            "local_image_path": "Lebensmittel/Soßen/maggi_delikatess_sauce_zu_braten_ergibt_3l.jpg"
          },
          {
            "image_urls": [
              "https://www.edeka24.de/out/pictures/generated/product/1/224_224_90/khnemittelsenf.jpg"
            ],
            "ItemTitle": "Kühne Mittelscharfer Senf 875ML",
            "ItemPrice": "2,25€",
            "ItemUnit": "2,57€/l",
            "local_image_path": "Lebensmittel/Soßen/khnemittelsenf.jpg"
          },
          {
            "image_urls": [
              "https://www.edeka24.de/out/pictures/generated/product/1/224_224_90/maggi_delikatess_sauce_zu_schweinebraten_2x_250ml.jpg"
            ],
            "ItemTitle": "Maggi Sauce zu Schweinebraten ergibt 2x 250ML",
            "ItemPrice": "1,59€",
            "ItemUnit": "3,18€/l",
            "local_image_path": "Lebensmittel/Soßen/maggi_delikatess_sauce_zu_schweinebraten_2x_250ml.jpg"
          },
          {
            "image_urls": [
              "https://www.edeka24.de/out/pictures/generated/product/1/224_224_90/ming_chu_sambal_oelek_200g.jpg"
            ],
            "ItemTitle": "Ming Chu Sambal Oelek 200G",
            "ItemPrice": "1,79€",
            "ItemUnit": "8,95€/kg",
            "local_image_path": "Lebensmittel/Internationales/ming_chu_sambal_oelek_200g.jpg"
          },
          {
            "image_urls": [
              "https://www.edeka24.de/out/pictures/generated/product/1/224_224_90/maggi_rahmsauce_zu_braten_ergibt_2x_250ml.jpg"
            ],
            "ItemTitle": "Maggi Rahm-Sauce zu Braten ergibt 2x 250ML",
            "ItemPrice": "1,59€",
            "ItemUnit": "3,18€/l",
            "local_image_path": "Lebensmittel/Soßen/maggi_rahmsauce_zu_braten_ergibt_2x_250ml.jpg"
          },
          {
            "image_urls": [
              "https://www.edeka24.de/out/pictures/generated/product/1/224_224_90/maggi_sauce_zu_geflgel_ergibt_2x_250ml.jpg"
            ],
            "ItemTitle": "Maggi Sauce zu Geflügel ergibt 2x 250ML",
            "ItemPrice": "1,59€",
            "ItemUnit": "3,18€/l",
            "local_image_path": "Lebensmittel/Soßen/maggi_sauce_zu_geflgel_ergibt_2x_250ml.jpg"
          },
          {
            "image_urls": [
              "https://www.edeka24.de/out/pictures/generated/product/1/224_224_90/knorr_soe_zum_braten_ergibt_3x_250ml_69g.jpg"
            ],
            "ItemTitle": "Knorr Soße zum Braten ergibt 3x 250ML 69G",
            "ItemPrice": "1,39€",
            "ItemUnit": "20,14€/kg",
            "local_image_path": "Lebensmittel/Soßen/knorr_soe_zum_braten_ergibt_3x_250ml_69g.jpg"
          },
          {
            "image_urls": [
              "https://www.edeka24.de/out/pictures/generated/product/1/224_224_90/maggi_fix_broccoli_gratin_36g.jpg"
            ],
            "ItemTitle": "Maggi Broccoli Gratin 36G MHD 09.2023",
            "ItemSalePrice": "0,60€",
            "ItemUnit": "16,67€/kg",
            "local_image_path": "Lebensmittel/Soßen/maggi_fix_broccoli_gratin_36g.jpg"
          },
          {
            "image_urls": [
              "https://www.edeka24.de/out/pictures/generated/product/1/224_224_90/knorr_kramp228uter_soamp223e_famp252r_2x250ml_58g.jpg"
            ],
            "ItemTitle": "Knorr Kräuter Soße ergibt 2x 250ML 58G",
            "ItemPrice": "1,59€",
            "ItemUnit": "27,41€/kg",
            "local_image_path": "Lebensmittel/Soßen/knorr_kramp228uter_soamp223e_famp252r_2x250ml_58g.jpg"
          },
          {
            "image_urls": [
              "https://www.edeka24.de/out/pictures/generated/product/1/224_224_90/maggi_schnitzelsauce_ergibt_2x_250_ml.jpg"
            ],
            "ItemTitle": "Maggi Schnitzel-Sauce ergibt 2x 250ML",
            "ItemPrice": "1,59€",
            "ItemUnit": "3,18€/l",
            "local_image_path": "Lebensmittel/Soßen/maggi_schnitzelsauce_ergibt_2x_250_ml.jpg"
          },
          {
            "image_urls": [
              "https://www.edeka24.de/out/pictures/generated/product/1/224_224_90/sersenf225ml.jpg"
            ],
            "ItemTitle": "Händlmaier süßer Hausmachersenf 225ML",
            "ItemPrice": "2,19€",
            "ItemUnit": "9,73€/l",
            "local_image_path": "Wein/ Spirituosen/Spirituosen/highland_park_18_jahre_single_malt_whisky.jpg"
          },
          {
            "image_urls": [
              "https://www.edeka24.de/out/pictures/generated/product/1/224_224_90/knorr_tomato_al_gusto_kruter_sauce(1).jpg"
            ],
            "ItemTitle": "Knorr Tomato al Gusto Kräuter Sauce 370G",
            "ItemPrice": "1,89€",
            "ItemUnit": "5,11€/kg",
            "local_image_path": "Lebensmittel/Soßen/knorr_tomato_al_gusto_kruter_sauce(1).jpg"
          },
          {
            "image_urls": [
              "https://www.edeka24.de/out/pictures/generated/product/1/224_224_90/alnatura_bio_delikatess_mayonnaise_mit_ei.jpg"
            ],
            "ItemTitle": "Alnatura Bio Delikatess Mayonnaise 250ML",
            "ItemPrice": "2,39€",
            "ItemUnit": "9,56€/l",
            "local_image_path": "Lebensmittel/Soßen/alnatura_bio_delikatess_mayonnaise_mit_ei.jpg"
          },
          {
            "image_urls": [
              "https://www.edeka24.de/out/pictures/generated/product/1/224_224_90/mutti_passierte_italienische_tomaten_700_g.jpg"
            ],
            "ItemTitle": "Mutti Passierte Italienische Tomaten 700G",
            "ItemPrice": "2,59€",
            "ItemUnit": "3,70€/kg",
            "local_image_path": "Lebensmittel/Soßen/mutti_passierte_italienische_tomaten_700_g.jpg"
          },
          {
            "image_urls": [
              "https://www.edeka24.de/out/pictures/generated/product/1/224_224_90/maggi_currysauce_ergibt_2x_250ml.jpg"
            ],
            "ItemTitle": "Maggi Curry Sauce ergibt 2x 250ML",
            "ItemPrice": "1,59€",
            "ItemUnit": "3,18€/l",
            "local_image_path": "Lebensmittel/Soßen/maggi_currysauce_ergibt_2x_250ml.jpg"
          },
          {
            "image_urls": [
              "https://www.edeka24.de/out/pictures/generated/product/1/224_224_90/bio_alnatura_tomatensauce_gegrilltes_gemamp252se_350ml.jpg"
            ],
            "ItemTitle": "Alnatura Bio Tomatensauce Gegrilltes Gemüse 350ML",
            "ItemPrice": "2,69€",
            "ItemUnit": "7,69€/l",
            "local_image_path": "Bio-Produkte/Lebensmittel von Alnatura/bio_alnatura_tomatensauce_gegrilltes_gemamp252se_350ml.jpg"
          },
          {
            "image_urls": [
              "https://www.edeka24.de/out/pictures/generated/product/1/224_224_90/maggi_fix_spaghetti_bolognese_100_natrliche_zutaten_36g.jpg"
            ],
            "ItemTitle": "Maggi Fix Spaghetti Bolognese 100% natürliche Zutaten 36G",
            "ItemPrice": "1,19€",
            "ItemUnit": "33,06€/kg",
            "local_image_path": "Lebensmittel/Soßen/maggi_fix_spaghetti_bolognese_100_natrliche_zutaten_36g.jpg"
          },
          {
            "image_urls": [
              "https://www.edeka24.de/out/pictures/generated/product/1/224_224_90/knorr_fix_fr_gebratene_nudeln_30g.jpg"
            ],
            "ItemTitle": "Knorr Fix für Gebratene Asia Nudeln 30G",
            "ItemPrice": "1,09€",
            "ItemUnit": "36,33€/kg",
            "local_image_path": "Lebensmittel/Soßen/knorr_fix_fr_gebratene_nudeln_30g.jpg"
          },
          {
            "image_urls": [
              "https://www.edeka24.de/out/pictures/generated/product/1/224_224_90/maggi_fix_geschnetzeltes_zamp252rcher_art_47g.jpg"
            ],
            "ItemTitle": "Maggi Geschnetzeltes Zürcher Art 47G",
            "ItemPrice": "1,19€",
            "ItemUnit": "25,32€/kg",
            "local_image_path": "Wein/ Spirituosen/Spirituosen/highland_park_18_jahre_single_malt_whisky.jpg"
          },
          {
            "image_urls": [
              "https://www.edeka24.de/out/pictures/generated/product/1/224_224_90/papa_joe039s_tomaten_ketchup_500ml.jpg"
            ],
            "ItemTitle": "Papa Joe's Tomaten Ketchup 500ML",
            "ItemPrice": "2,89€",
            "ItemUnit": "5,78€/l",
            "local_image_path": "Lebensmittel/Soßen/papa_joe039s_tomaten_ketchup_500ml.jpg"
          },
          {
            "image_urls": [
              "https://www.edeka24.de/out/pictures/generated/product/1/224_224_90/homann_paprika_sauce_400ml.jpg"
            ],
            "ItemTitle": "Homann Paprika Sauce Balkan Art 400ML",
            "ItemPrice": "2,19€",
            "ItemUnit": "5,48€/l",
            "local_image_path": "Lebensmittel/Soßen/homann_paprika_sauce_400ml.jpg"
          },
          {
            "image_urls": [
              "https://www.edeka24.de/out/pictures/generated/product/1/224_224_90/4104420136021bioalnaturatomateninstckekruter-herbes.png"
            ],
            "ItemTitle": "Alnatura Bio Tomaten in Stücke Kräuter 400G",
            "ItemPrice": "1,19€",
            "ItemUnit": "4,96€/kg",
            "local_image_path": "Lebensmittel/Soßen/4104420136021bioalnaturatomateninstckekruter-herbes.png"
          },
          {
            "image_urls": [
              "https://www.edeka24.de/out/pictures/generated/product/1/224_224_90/khne_honig_amp_senf_dressing.jpg"
            ],
            "ItemTitle": "Kühne Honig & Senf Dressing 250G",
            "ItemPrice": "1,99€",
            "ItemUnit": "7,96€/l",
            "local_image_path": "Wein/ Spirituosen/Spirituosen/highland_park_18_jahre_single_malt_whisky.jpg"
          },
          {
            "image_urls": [
              "https://www.edeka24.de/out/pictures/generated/product/1/224_224_90/maggi_sauce_zu_hackbraten_ergibt_2x_250ml.jpg"
            ],
            "ItemTitle": "Maggi Sauce zu Hackbraten ergibt 2x 250ML",
            "ItemPrice": "1,59€",
            "ItemUnit": "3,18€/l",
            "local_image_path": "Lebensmittel/Soßen/maggi_sauce_zu_hackbraten_ergibt_2x_250ml.jpg"
          },
          {
            "image_urls": [
              "https://www.edeka24.de/out/pictures/generated/product/1/224_224_90/alnatura_bio_tomaten_in_stcke_natur_400_g.jpg"
            ],
            "ItemTitle": "Alnatura Bio Tomaten Stücke Natur 400G",
            "ItemPrice": "1,29€",
            "ItemUnit": "5,38€/kg",
            "local_image_path": "Lebensmittel/Soßen/alnatura_bio_tomaten_in_stcke_natur_400_g.jpg"
          },
          {
            "image_urls": [
              "https://www.edeka24.de/out/pictures/generated/product/1/224_224_90/chio_dip_hot_cheese_200ml.jpg"
            ],
            "ItemTitle": "Chio Dip! Hot Cheese 200ML",
            "ItemPrice": "2,79€",
            "ItemUnit": "13,95€/l",
            "local_image_path": "Lebensmittel/Soßen/chio_dip_hot_cheese_200ml.jpg"
          },
          {
            "image_urls": [
              "https://www.edeka24.de/out/pictures/generated/product/1/224_224_90/mondamin_soenbinder_hell.jpg"
            ],
            "ItemTitle": "Mondamin Soßenbinder hell 250G",
            "ItemPrice": "1,69€",
            "ItemUnit": "6,76€/kg",
            "local_image_path": "Lebensmittel/Soßen/mondamin_soenbinder_hell.jpg"
          },
          {
            "image_urls": [
              "https://www.edeka24.de/out/pictures/generated/product/1/224_224_90/knorr_sauce_zu_braten_extra_84g.jpg"
            ],
            "ItemTitle": "Knorr Sauce zu Braten Extra ergibt 3x 250ML 84G",
            "ItemPrice": "1,59€",
            "ItemUnit": "18,93€/kg",
            "local_image_path": "Lebensmittel/Soßen/knorr_sauce_zu_braten_extra_84g.jpg"
          },
          {
            "image_urls": [
              "https://www.edeka24.de/out/pictures/generated/product/1/224_224_90/thomy_les_sauces_bchamel.jpg"
            ],
            "ItemTitle": "Thomy Les Sauces Béchamel 250ML",
            "ItemPrice": "1,49€",
            "ItemUnit": "5,96€/l",
            "local_image_path": "Wein/ Spirituosen/Spirituosen/highland_park_18_jahre_single_malt_whisky.jpg"
          },
          {
            "image_urls": [
              "https://www.edeka24.de/out/pictures/generated/product/1/224_224_90/maggi_fr_genieer_quattro_formaggi_sauce_ergibt_250_ml.jpg"
            ],
            "ItemTitle": "Maggi Für Genießer Quattro Formaggi Sauce ergibt 250ML",
            "ItemPrice": "1,29€",
            "ItemUnit": "5,16€/l",
            "local_image_path": "Lebensmittel/Soßen/maggi_fr_genieer_quattro_formaggi_sauce_ergibt_250_ml.jpg"
          },
          {
            "image_urls": [
              "https://www.edeka24.de/out/pictures/generated/product/1/224_224_90/maggi_fix_nudel_schinken_gratin_33g.jpg"
            ],
            "ItemTitle": "Maggi Fix Nudel Schinken Gratin 33G",
            "ItemPrice": "1,19€",
            "ItemUnit": "36,06€/kg",
            "local_image_path": "Wein/ Spirituosen/Spirituosen/highland_park_18_jahre_single_malt_whisky.jpg"
          },
          {
            "image_urls": [
              "https://www.edeka24.de/out/pictures/generated/product/1/224_224_90/kamp252hne_dressing_joghurt_gartenkramp228uter_250ml.jpg"
            ],
            "ItemTitle": "Kühne Dressing Joghurt & Gartenkräuter 250ML",
            "ItemPrice": "1,99€",
            "ItemUnit": "7,96€/l",
            "local_image_path": "Lebensmittel/Soßen/kamp252hne_dressing_joghurt_gartenkramp228uter_250ml.jpg"
          },
          {
            "image_urls": [
              "https://www.edeka24.de/out/pictures/generated/product/1/224_224_90/maggi_kruterrahmsauce_ergibt_2x_250ml.jpg"
            ],
            "ItemTitle": "Maggi Kräuter Rahmsauce ergibt 2x 250ML",
            "ItemPrice": "1,59€",
            "ItemUnit": "3,18€/l",
            "local_image_path": "Wein/ Spirituosen/Spirituosen/highland_park_18_jahre_single_malt_whisky.jpg"
          },
          {
            "image_urls": [
              "https://www.edeka24.de/out/pictures/generated/product/1/224_224_90/bio_alnatura_pesto_rosso120g.jpg"
            ],
            "ItemTitle": "Alnatura Bio Pesto Rosso 120G",
            "ItemPrice": "2,99€",
            "ItemUnit": "24,92€/kg",
            "local_image_path": "Bio-Produkte/Lebensmittel von Alnatura/bio_alnatura_pesto_rosso120g.jpg"
          },
          {
            "image_urls": [
              "https://www.edeka24.de/out/pictures/generated/product/1/224_224_90/maggi_pfeffersauce_2st_famp252r_500ml.jpg"
            ],
            "ItemTitle": "Maggi Pfeffer Sauce ergibt 2x 250ML",
            "ItemPrice": "1,59€",
            "ItemUnit": "3,18€/l",
            "local_image_path": "Lebensmittel/Soßen/maggi_pfeffersauce_2st_famp252r_500ml.jpg"
          },
          {
            "image_urls": [
              "https://www.edeka24.de/out/pictures/generated/product/1/224_224_90/hela_gewamp252rz_ketchup_tomate_mild_800ml.jpg"
            ],
            "ItemTitle": "Hela Gewürz Ketchup Tomate mild 800ML",
            "ItemPrice": "3,49€",
            "ItemUnit": "4,36€/l",
            "local_image_path": "Lebensmittel/Soßen/hela_gewamp252rz_ketchup_tomate_mild_800ml.jpg"
          },
          {
            "image_urls": [
              "https://www.edeka24.de/out/pictures/generated/product/1/224_224_90/ming_chu_sojasauce_dunkel_150ml.jpg"
            ],
            "ItemTitle": "Ming Chu Sojasauce dunkel 150ML",
            "ItemPrice": "1,49€",
            "ItemUnit": "9,93€/l",
            "local_image_path": "Lebensmittel/Soßen/ming_chu_sojasauce_dunkel_150ml.jpg"
          },
          {
            "image_urls": [
              "https://www.edeka24.de/out/pictures/generated/product/1/224_224_90/maggi_fix_paprika_hack_pfanne_42g.jpg"
            ],
            "ItemTitle": "Maggi Paprika-Hack Pfanne 42G",
            "ItemPrice": "1,19€",
            "ItemUnit": "28,33€/kg",
            "local_image_path": "Wein/ Spirituosen/Spirituosen/highland_park_18_jahre_single_malt_whisky.jpg"
          },
          {
            "image_urls": [
              "https://www.edeka24.de/out/pictures/generated/product/1/224_224_90/alnatura_bio_tomatensauce_klassik_350_ml.jpg"
            ],
            "ItemTitle": "Alnatura Bio Tomatensauce Klassik 350ML",
            "ItemPrice": "2,69€",
            "ItemUnit": "7,69€/l",
            "local_image_path": "Wein/ Spirituosen/Spirituosen/highland_park_18_jahre_single_malt_whisky.jpg"
          },
          {
            "image_urls": [
              "https://www.edeka24.de/out/pictures/generated/product/1/224_224_90/kikkoman_soja_sauce_500ml.jpg"
            ],
            "ItemTitle": "Kikkoman Natürlich gebraute Sojasauce 500ML",
            "ItemPrice": "7,49€",
            "ItemUnit": "14,98€/l",
            "local_image_path": "Lebensmittel/Soßen/kikkoman_soja_sauce_500ml.jpg"
          },
          {
            "image_urls": [
              "https://www.edeka24.de/out/pictures/generated/product/1/224_224_90/heinztomket50.jpg"
            ],
            "ItemTitle": "Heinz Tomato Ketchup 50% weniger Zucker & Salz 500ML",
            "ItemPrice": "3,79€",
            "ItemUnit": "7,58€/l",
            "local_image_path": "Wein/ Spirituosen/Spirituosen/highland_park_18_jahre_single_malt_whisky.jpg"
          },
          {
            "image_urls": [
              "https://www.edeka24.de/out/pictures/generated/product/1/224_224_90/maggi_fix_bandnudeln_mit_lachs_40g.jpg"
            ],
            "ItemTitle": "Maggi Bandnudeln mit Lachs 40G",
            "ItemPrice": "1,19€",
            "ItemUnit": "29,75€/kg",
            "local_image_path": "Wein/ Spirituosen/Spirituosen/highland_park_18_jahre_single_malt_whisky.jpg"
          },
          {
            "image_urls": [
              "https://www.edeka24.de/out/pictures/generated/product/1/224_224_90/knorr_knoblauch_sauce_250_ml.jpg"
            ],
            "ItemTitle": "Knorr Knoblauch Sauce 250ML",
            "ItemPrice": "1,59€",
            "ItemUnit": "6,36€/l",
            "local_image_path": "Lebensmittel/Soßen/knorr_knoblauch_sauce_250_ml.jpg"
          },
          {
            "image_urls": [
              "https://www.edeka24.de/out/pictures/generated/product/1/224_224_90/knorr_chili_sauce_250_ml.jpg"
            ],
            "ItemTitle": "Knorr Chili Sauce 250ML",
            "ItemPrice": "1,59€",
            "ItemUnit": "6,36€/l",
            "local_image_path": "Wein/ Spirituosen/Spirituosen/highland_park_18_jahre_single_malt_whisky.jpg"
          },
          {
            "image_urls": [
              "https://www.edeka24.de/out/pictures/generated/product/1/224_224_90/heinz_mayomix_400ml.jpg"
            ],
            "ItemTitle": "Heinz Mayo-Mix 400ML",
            "ItemPrice": "3,89€",
            "ItemUnit": "9,73€/l",
            "local_image_path": "Lebensmittel/Soßen/heinz_mayomix_400ml.jpg"
          },
          {
            "image_urls": [
              "https://www.edeka24.de/out/pictures/generated/product/1/224_224_90/barilla_pasta_sauce_basilico_gro.jpg"
            ],
            "ItemTitle": "Barilla Pasta Sauce Basilico 400G",
            "ItemPrice": "3,29€",
            "ItemUnit": "8,23€/kg",
            "local_image_path": "Lebensmittel/Soßen/barilla_pasta_sauce_basilico_gro.jpg"
          },
          {
            "image_urls": [
              "https://www.edeka24.de/out/pictures/generated/product/1/224_224_90/thomy_delikatess_mayonnaise_100_ml_in_der_tube.jpg"
            ],
            "ItemTitle": "Thomy Delikatess Mayonnaise klein 100ML",
            "ItemPrice": "1,69€",
            "ItemUnit": "16,90€/l",
            "local_image_path": "Lebensmittel/Soßen/thomy_delikatess_mayonnaise_100_ml_in_der_tube.jpg"
          },
          {
            "image_urls": [
              "https://www.edeka24.de/out/pictures/generated/product/1/224_224_90/knorr_fix_nudelbroccoli_auflauf_46g.jpg"
            ],
            "ItemTitle": "Knorr Fix Nudel-Broccoli Auflauf 46G",
            "ItemPrice": "1,09€",
            "ItemUnit": "23,70€/kg",
            "local_image_path": "Lebensmittel/Soßen/knorr_fix_nudelbroccoli_auflauf_46g.jpg"
          },
          {
            "image_urls": [
              "https://www.edeka24.de/out/pictures/generated/product/1/224_224_90/oro_di_parma_tomatenmark_scharf_200g.jpg"
            ],
            "ItemTitle": "Oro di Parma Tomatenmark scharf 200G",
            "ItemPrice": "2,19€",
            "ItemUnit": "10,95€/kg",
            "local_image_path": "Lebensmittel/Soßen/oro_di_parma_tomatenmark_scharf_200g.jpg"
          },
          {
            "image_urls": [
              "https://www.edeka24.de/out/pictures/generated/product/1/224_224_90/thomy_les_sauces_barnaise(1).jpg"
            ],
            "ItemTitle": "Thomy Les Sauces Béarnaise 250ML",
            "ItemPrice": "1,49€",
            "ItemUnit": "5,96€/l",
            "local_image_path": "Lebensmittel/Soßen/thomy_les_sauces_barnaise(1).jpg"
          },
          {
            "image_urls": [
              "https://www.edeka24.de/out/pictures/generated/product/1/224_224_90/bio_alnatura_bolognese_sauce_330ml.jpg"
            ],
            "ItemTitle": "Alnatura Bio Tomatensauce Bolognese 330ML",
            "ItemPrice": "3,49€",
            "ItemUnit": "10,58€/l",
            "local_image_path": "Bio-Produkte/Lebensmittel von Alnatura/bio_alnatura_bolognese_sauce_330ml.jpg"
          },
          {
            "image_urls": [
              "https://www.edeka24.de/out/pictures/generated/product/1/224_224_90/khne_sauce_fr_kartoffelsalat_klassisch.jpg"
            ],
            "ItemTitle": "Kühne Sauce für Kartoffelsalat klassisch 250ML",
            "ItemPrice": "2,49€",
            "ItemUnit": "9,96€/l",
            "local_image_path": "Wein/ Spirituosen/Spirituosen/highland_park_18_jahre_single_malt_whisky.jpg"
          },
          {
            "image_urls": [
              "https://www.edeka24.de/out/pictures/generated/product/1/224_224_90/maggi_fix_lasagne_30g.jpg"
            ],
            "ItemTitle": "Maggi Fix Lasagne 30G",
            "ItemPrice": "1,19€",
            "ItemUnit": "39,67€/kg",
            "local_image_path": "Lebensmittel/Soßen/maggi_fix_lasagne_30g.jpg"
          },
          {
            "image_urls": [
              "https://www.edeka24.de/out/pictures/generated/product/1/224_224_90/papa_joe039s_knoblauchsauce_300ml.jpg"
            ],
            "ItemTitle": "Papa Joe's Knoblauch Sauce 300ML",
            "ItemPrice": "2,19€",
            "ItemUnit": "7,30€/l",
            "local_image_path": "Lebensmittel/Soßen/papa_joe039s_knoblauchsauce_300ml.jpg"
          },
          {
            "image_urls": [
              "https://www.edeka24.de/out/pictures/generated/product/1/224_224_90/kfwrstchengulasch.jpg"
            ],
            "ItemTitle": "Knorr Fix Würstchen Gulasch 44G",
            "ItemPrice": "1,09€",
            "ItemUnit": "24,77€/kg",
            "local_image_path": "Lebensmittel/Soßen/kfwrstchengulasch.jpg"
          },
          {
            "image_urls": [
              "https://www.edeka24.de/out/pictures/generated/product/1/224_224_90/knorr_klare_bratensaft_basis_80g.jpg"
            ],
            "ItemTitle": "Knorr Klare Bratensaft Basis 80G",
            "ItemPrice": "1,59€",
            "ItemUnit": "19,88€/kg",
            "local_image_path": "Wein/ Spirituosen/Spirituosen/highland_park_18_jahre_single_malt_whisky.jpg"
          },
          {
            "image_urls": [
              "https://www.edeka24.de/out/pictures/generated/product/1/224_224_90/tabasco_jalapeno_sauce_60ml.jpg"
            ],
            "ItemTitle": "McIlhenny Tabasco Jalapeno Sauce 60ML",
            "ItemPrice": "3,59€",
            "ItemUnit": "59,83€/l",
            "local_image_path": "Lebensmittel/Soßen/tabasco_jalapeno_sauce_60ml.jpg"
          },
          {
            "image_urls": [
              "https://www.edeka24.de/out/pictures/generated/product/1/224_224_90/knorr_sauce_zu_braten_extra_84g.jpg"
            ],
            "ItemTitle": "Knorr Sauce zu Braten Extra ergibt 3x 250ML 84G",
            "ItemPrice": "1,59€",
            "ItemUnit": "18,93€/kg",
            "local_image_path": "Lebensmittel/Soßen/knorr_sauce_zu_braten_extra_84g.jpg"
          },
          {
            "image_urls": [
              "https://www.edeka24.de/out/pictures/generated/product/1/224_224_90/thomy_les_sauces_bchamel.jpg"
            ],
            "ItemTitle": "Thomy Les Sauces Béchamel 250ML",
            "ItemPrice": "1,49€",
            "ItemUnit": "5,96€/l",
            "local_image_path": "Wein/ Spirituosen/Spirituosen/highland_park_18_jahre_single_malt_whisky.jpg"
          },
          {
            "image_urls": [
              "https://www.edeka24.de/out/pictures/generated/product/1/224_224_90/maggi_fr_genieer_quattro_formaggi_sauce_ergibt_250_ml.jpg"
            ],
            "ItemTitle": "Maggi Für Genießer Quattro Formaggi Sauce ergibt 250ML",
            "ItemPrice": "1,29€",
            "ItemUnit": "5,16€/l",
            "local_image_path": "Lebensmittel/Soßen/maggi_fr_genieer_quattro_formaggi_sauce_ergibt_250_ml.jpg"
          },
          {
            "image_urls": [
              "https://www.edeka24.de/out/pictures/generated/product/1/224_224_90/maggi_fix_nudel_schinken_gratin_33g.jpg"
            ],
            "ItemTitle": "Maggi Fix Nudel Schinken Gratin 33G",
            "ItemPrice": "1,19€",
            "ItemUnit": "36,06€/kg",
            "local_image_path": "Wein/ Spirituosen/Spirituosen/highland_park_18_jahre_single_malt_whisky.jpg"
          },
          {
            "image_urls": [
              "https://www.edeka24.de/out/pictures/generated/product/1/224_224_90/kamp252hne_dressing_joghurt_gartenkramp228uter_250ml.jpg"
            ],
            "ItemTitle": "Kühne Dressing Joghurt & Gartenkräuter 250ML",
            "ItemPrice": "1,99€",
            "ItemUnit": "7,96€/l",
            "local_image_path": "Lebensmittel/Soßen/kamp252hne_dressing_joghurt_gartenkramp228uter_250ml.jpg"
          },
          {
            "image_urls": [
              "https://www.edeka24.de/out/pictures/generated/product/1/224_224_90/maggi_kruterrahmsauce_ergibt_2x_250ml.jpg"
            ],
            "ItemTitle": "Maggi Kräuter Rahmsauce ergibt 2x 250ML",
            "ItemPrice": "1,59€",
            "ItemUnit": "3,18€/l",
            "local_image_path": "Wein/ Spirituosen/Spirituosen/highland_park_18_jahre_single_malt_whisky.jpg"
          },
          {
            "image_urls": [
              "https://www.edeka24.de/out/pictures/generated/product/1/224_224_90/bio_alnatura_pesto_rosso120g.jpg"
            ],
            "ItemTitle": "Alnatura Bio Pesto Rosso 120G",
            "ItemPrice": "2,99€",
            "ItemUnit": "24,92€/kg",
            "local_image_path": "Bio-Produkte/Lebensmittel von Alnatura/bio_alnatura_pesto_rosso120g.jpg"
          },
          {
            "image_urls": [
              "https://www.edeka24.de/out/pictures/generated/product/1/224_224_90/maggi_pfeffersauce_2st_famp252r_500ml.jpg"
            ],
            "ItemTitle": "Maggi Pfeffer Sauce ergibt 2x 250ML",
            "ItemPrice": "1,59€",
            "ItemUnit": "3,18€/l",
            "local_image_path": "Lebensmittel/Soßen/maggi_pfeffersauce_2st_famp252r_500ml.jpg"
          },
          {
            "image_urls": [
              "https://www.edeka24.de/out/pictures/generated/product/1/224_224_90/hela_gewamp252rz_ketchup_tomate_mild_800ml.jpg"
            ],
            "ItemTitle": "Hela Gewürz Ketchup Tomate mild 800ML",
            "ItemPrice": "3,49€",
            "ItemUnit": "4,36€/l",
            "local_image_path": "Lebensmittel/Soßen/hela_gewamp252rz_ketchup_tomate_mild_800ml.jpg"
          },
          {
            "image_urls": [
              "https://www.edeka24.de/out/pictures/generated/product/1/224_224_90/ming_chu_sojasauce_dunkel_150ml.jpg"
            ],
            "ItemTitle": "Ming Chu Sojasauce dunkel 150ML",
            "ItemPrice": "1,49€",
            "ItemUnit": "9,93€/l",
            "local_image_path": "Lebensmittel/Soßen/ming_chu_sojasauce_dunkel_150ml.jpg"
          },
          {
            "image_urls": [
              "https://www.edeka24.de/out/pictures/generated/product/1/224_224_90/maggi_fix_paprika_hack_pfanne_42g.jpg"
            ],
            "ItemTitle": "Maggi Paprika-Hack Pfanne 42G",
            "ItemPrice": "1,19€",
            "ItemUnit": "28,33€/kg",
            "local_image_path": "Wein/ Spirituosen/Spirituosen/highland_park_18_jahre_single_malt_whisky.jpg"
          },
          {
            "image_urls": [
              "https://www.edeka24.de/out/pictures/generated/product/1/224_224_90/alnatura_bio_tomatensauce_klassik_350_ml.jpg"
            ],
            "ItemTitle": "Alnatura Bio Tomatensauce Klassik 350ML",
            "ItemPrice": "2,69€",
            "ItemUnit": "7,69€/l",
            "local_image_path": "Wein/ Spirituosen/Spirituosen/highland_park_18_jahre_single_malt_whisky.jpg"
          },
          {
            "image_urls": [
              "https://www.edeka24.de/out/pictures/generated/product/1/224_224_90/kikkoman_soja_sauce_500ml.jpg"
            ],
            "ItemTitle": "Kikkoman Natürlich gebraute Sojasauce 500ML",
            "ItemPrice": "7,49€",
            "ItemUnit": "14,98€/l",
            "local_image_path": "Lebensmittel/Soßen/kikkoman_soja_sauce_500ml.jpg"
          },
          {
            "image_urls": [
              "https://www.edeka24.de/out/pictures/generated/product/1/224_224_90/heinztomket50.jpg"
            ],
            "ItemTitle": "Heinz Tomato Ketchup 50% weniger Zucker & Salz 500ML",
            "ItemPrice": "3,79€",
            "ItemUnit": "7,58€/l",
            "local_image_path": "Wein/ Spirituosen/Spirituosen/highland_park_18_jahre_single_malt_whisky.jpg"
          },
          {
            "image_urls": [
              "https://www.edeka24.de/out/pictures/generated/product/1/224_224_90/maggi_fix_bandnudeln_mit_lachs_40g.jpg"
            ],
            "ItemTitle": "Maggi Bandnudeln mit Lachs 40G",
            "ItemPrice": "1,19€",
            "ItemUnit": "29,75€/kg",
            "local_image_path": "Wein/ Spirituosen/Spirituosen/highland_park_18_jahre_single_malt_whisky.jpg"
          },
          {
            "image_urls": [
              "https://www.edeka24.de/out/pictures/generated/product/1/224_224_90/knorr_knoblauch_sauce_250_ml.jpg"
            ],
            "ItemTitle": "Knorr Knoblauch Sauce 250ML",
            "ItemPrice": "1,59€",
            "ItemUnit": "6,36€/l",
            "local_image_path": "Lebensmittel/Soßen/knorr_knoblauch_sauce_250_ml.jpg"
          },
          {
            "image_urls": [
              "https://www.edeka24.de/out/pictures/generated/product/1/224_224_90/knorr_chili_sauce_250_ml.jpg"
            ],
            "ItemTitle": "Knorr Chili Sauce 250ML",
            "ItemPrice": "1,59€",
            "ItemUnit": "6,36€/l",
            "local_image_path": "Wein/ Spirituosen/Spirituosen/highland_park_18_jahre_single_malt_whisky.jpg"
          },
          {
            "image_urls": [
              "https://www.edeka24.de/out/pictures/generated/product/1/224_224_90/heinz_mayomix_400ml.jpg"
            ],
            "ItemTitle": "Heinz Mayo-Mix 400ML",
            "ItemPrice": "3,89€",
            "ItemUnit": "9,73€/l",
            "local_image_path": "Lebensmittel/Soßen/heinz_mayomix_400ml.jpg"
          },
          {
            "image_urls": [
              "https://www.edeka24.de/out/pictures/generated/product/1/224_224_90/barilla_pasta_sauce_basilico_gro.jpg"
            ],
            "ItemTitle": "Barilla Pasta Sauce Basilico 400G",
            "ItemPrice": "3,29€",
            "ItemUnit": "8,23€/kg",
            "local_image_path": "Lebensmittel/Soßen/barilla_pasta_sauce_basilico_gro.jpg"
          },
          {
            "image_urls": [
              "https://www.edeka24.de/out/pictures/generated/product/1/224_224_90/thomy_delikatess_mayonnaise_100_ml_in_der_tube.jpg"
            ],
            "ItemTitle": "Thomy Delikatess Mayonnaise klein 100ML",
            "ItemPrice": "1,69€",
            "ItemUnit": "16,90€/l",
            "local_image_path": "Lebensmittel/Soßen/thomy_delikatess_mayonnaise_100_ml_in_der_tube.jpg"
          },
          {
            "image_urls": [
              "https://www.edeka24.de/out/pictures/generated/product/1/224_224_90/knorr_fix_nudelbroccoli_auflauf_46g.jpg"
            ],
            "ItemTitle": "Knorr Fix Nudel-Broccoli Auflauf 46G",
            "ItemPrice": "1,09€",
            "ItemUnit": "23,70€/kg",
            "local_image_path": "Lebensmittel/Soßen/knorr_fix_nudelbroccoli_auflauf_46g.jpg"
          },
          {
            "image_urls": [
              "https://www.edeka24.de/out/pictures/generated/product/1/224_224_90/oro_di_parma_tomatenmark_scharf_200g.jpg"
            ],
            "ItemTitle": "Oro di Parma Tomatenmark scharf 200G",
            "ItemPrice": "2,19€",
            "ItemUnit": "10,95€/kg",
            "local_image_path": "Lebensmittel/Soßen/oro_di_parma_tomatenmark_scharf_200g.jpg"
          },
          {
            "image_urls": [
              "https://www.edeka24.de/out/pictures/generated/product/1/224_224_90/thomy_les_sauces_barnaise(1).jpg"
            ],
            "ItemTitle": "Thomy Les Sauces Béarnaise 250ML",
            "ItemPrice": "1,49€",
            "ItemUnit": "5,96€/l",
            "local_image_path": "Lebensmittel/Soßen/thomy_les_sauces_barnaise(1).jpg"
          },
          {
            "image_urls": [
              "https://www.edeka24.de/out/pictures/generated/product/1/224_224_90/bio_alnatura_bolognese_sauce_330ml.jpg"
            ],
            "ItemTitle": "Alnatura Bio Tomatensauce Bolognese 330ML",
            "ItemPrice": "3,49€",
            "ItemUnit": "10,58€/l",
            "local_image_path": "Bio-Produkte/Lebensmittel von Alnatura/bio_alnatura_bolognese_sauce_330ml.jpg"
          },
          {
            "image_urls": [
              "https://www.edeka24.de/out/pictures/generated/product/1/224_224_90/khne_sauce_fr_kartoffelsalat_klassisch.jpg"
            ],
            "ItemTitle": "Kühne Sauce für Kartoffelsalat klassisch 250ML",
            "ItemPrice": "2,49€",
            "ItemUnit": "9,96€/l",
            "local_image_path": "Wein/ Spirituosen/Spirituosen/highland_park_18_jahre_single_malt_whisky.jpg"
          },
          {
            "image_urls": [
              "https://www.edeka24.de/out/pictures/generated/product/1/224_224_90/maggi_fix_lasagne_30g.jpg"
            ],
            "ItemTitle": "Maggi Fix Lasagne 30G",
            "ItemPrice": "1,19€",
            "ItemUnit": "39,67€/kg",
            "local_image_path": "Lebensmittel/Soßen/maggi_fix_lasagne_30g.jpg"
          },
          {
            "image_urls": [
              "https://www.edeka24.de/out/pictures/generated/product/1/224_224_90/papa_joe039s_knoblauchsauce_300ml.jpg"
            ],
            "ItemTitle": "Papa Joe's Knoblauch Sauce 300ML",
            "ItemPrice": "2,19€",
            "ItemUnit": "7,30€/l",
            "local_image_path": "Lebensmittel/Soßen/papa_joe039s_knoblauchsauce_300ml.jpg"
          },
          {
            "image_urls": [
              "https://www.edeka24.de/out/pictures/generated/product/1/224_224_90/kfwrstchengulasch.jpg"
            ],
            "ItemTitle": "Knorr Fix Würstchen Gulasch 44G",
            "ItemPrice": "1,09€",
            "ItemUnit": "24,77€/kg",
            "local_image_path": "Lebensmittel/Soßen/kfwrstchengulasch.jpg"
          },
          {
            "image_urls": [
              "https://www.edeka24.de/out/pictures/generated/product/1/224_224_90/knorr_klare_bratensaft_basis_80g.jpg"
            ],
            "ItemTitle": "Knorr Klare Bratensaft Basis 80G",
            "ItemPrice": "1,59€",
            "ItemUnit": "19,88€/kg",
            "local_image_path": "Wein/ Spirituosen/Spirituosen/highland_park_18_jahre_single_malt_whisky.jpg"
          },
          {
            "image_urls": [
              "https://www.edeka24.de/out/pictures/generated/product/1/224_224_90/tabasco_jalapeno_sauce_60ml.jpg"
            ],
            "ItemTitle": "McIlhenny Tabasco Jalapeno Sauce 60ML",
            "ItemPrice": "3,59€",
            "ItemUnit": "59,83€/l",
            "local_image_path": "Lebensmittel/Soßen/tabasco_jalapeno_sauce_60ml.jpg"
          },
          {
            "image_urls": [
              "https://www.edeka24.de/out/pictures/generated/product/1/224_224_90/knorr_feinschmecker_champignon_sauce_37g.jpg"
            ],
            "ItemTitle": "Knorr Feinschmecker Champignon Sauce ergibt 250ML",
            "ItemPrice": "1,29€",
            "ItemUnit": "5,16€/l",
            "local_image_path": "Lebensmittel/Soßen/knorr_feinschmecker_champignon_sauce_37g.jpg"
          },
          {
            "image_urls": [
              "https://www.edeka24.de/out/pictures/generated/product/1/224_224_90/knorr_tomato_al_gusto_arrabiata(1).jpg"
            ],
            "ItemTitle": "Knorr Tomato al Gusto Arrabiata 370G",
            "ItemPrice": "1,89€",
            "ItemUnit": "5,11€/kg",
            "local_image_path": "Lebensmittel/Soßen/knorr_tomato_al_gusto_arrabiata(1).jpg"
          },
          {
            "image_urls": [
              "https://www.edeka24.de/out/pictures/generated/product/1/224_224_90/knorr_fix_fr_paprikarahmschnitzel_43g.jpg"
            ],
            "ItemTitle": "Knorr Fix Paprika-Rahmschnitzel 43G",
            "ItemPrice": "1,09€",
            "ItemUnit": "25,35€/kg",
            "local_image_path": "Wein/ Spirituosen/Spirituosen/highland_park_18_jahre_single_malt_whisky.jpg"
          },
          {
            "image_urls": [
              "https://www.edeka24.de/out/pictures/generated/product/1/224_224_90/knorrzrichergeschnetzeltes.jpg"
            ],
            "ItemTitle": "Knorr Fix Geschnetzeltes Züricher Art 54G",
            "ItemPrice": "1,09€",
            "ItemUnit": "20,19€/kg",
            "local_image_path": "Wein/ Spirituosen/Spirituosen/highland_park_18_jahre_single_malt_whisky.jpg"
          },
          {
            "image_urls": [
              "https://www.edeka24.de/out/pictures/generated/product/1/224_224_90/maggi_fix_pfeffer_rahm_geschnetzeltes_27g.jpg"
            ],
            "ItemTitle": "Maggi Pfeffer-Rahm Geschnetzeltes 27G",
            "ItemPrice": "1,19€",
            "ItemUnit": "44,07€/kg",
            "local_image_path": "Wein/ Spirituosen/Spirituosen/highland_park_18_jahre_single_malt_whisky.jpg"
          },
          {
            "image_urls": [
              "https://www.edeka24.de/out/pictures/generated/product/1/224_224_90/knorr_tomaten_soamp223e_famp252r_2x250ml_76g.jpg"
            ],
            "ItemTitle": "Knorr Tomaten Soße ergibt 2x 250ML 76G",
            "ItemPrice": "1,59€",
            "ItemUnit": "20,92€/kg",
            "local_image_path": "Lebensmittel/Soßen/knorr_tomaten_soamp223e_famp252r_2x250ml_76g.jpg"
          },
          {
            "image_urls": [
              "https://www.edeka24.de/out/pictures/generated/product/1/224_224_90/alanaturasugopicante.jpg"
            ],
            "ItemTitle": "Alnatura Origin Bio Tomatensauce Sugo Piccante 325ML",
            "ItemPrice": "2,69€",
            "ItemUnit": "8,28€/l",
            "local_image_path": "Lebensmittel/Soßen/alanaturasugopicante.jpg"
          },
          {
            "image_urls": [
              "https://www.edeka24.de/out/pictures/generated/product/1/224_224_90/pomito_pizzaampamppasta_sauce_500g.jpg"
            ],
            "ItemTitle": "Pomito Pizza & Pasta Sauce 500G",
            "ItemPrice": "2,59€",
            "ItemUnit": "5,18€/kg",
            "local_image_path": "Lebensmittel/Soßen/pomito_pizzaampamppasta_sauce_500g.jpg"
          },
          {
            "image_urls": [
              "https://www.edeka24.de/out/pictures/generated/product/1/224_224_90/lwensenfmittelscharfmildbio.jpg"
            ],
            "ItemTitle": "Löwensenf Bio Senf mittelscharf mild 200ML",
            "ItemPrice": "1,79€",
            "ItemUnit": "8,95€/l",
            "local_image_path": "Lebensmittel/Soßen/lwensenfmittelscharfmildbio.jpg"
          },
          {
            "image_urls": [
              "https://www.edeka24.de/out/pictures/generated/product/1/224_224_90/barilla_pesto_basilico_e_rucola.jpg"
            ],
            "ItemTitle": "Barilla Pesto Basilico e Rucola 190G",
            "ItemPrice": "3,69€",
            "ItemUnit": "19,42€/kg",
            "local_image_path": "Lebensmittel/Soßen/barilla_pesto_basilico_e_rucola.jpg"
          },
          {
            "image_urls": [
              "https://www.edeka24.de/out/pictures/generated/product/1/224_224_90/hellmannmayo.jpg"
            ],
            "ItemTitle": "Hellmann's Mayo Vegan 270G",
            "ItemPrice": "2,99€",
            "ItemUnit": "11,07€/kg",
            "local_image_path": "Lebensmittel/Soßen/hellmannmayo.jpg"
          },
          {
            "image_urls": [
              "https://www.edeka24.de/out/pictures/generated/product/1/224_224_90/maggi_fix_hackbraten_70g.jpg"
            ],
            "ItemTitle": "Maggi Fix Hackbraten 70G",
            "ItemPrice": "1,19€",
            "ItemUnit": "17,00€/kg",
            "local_image_path": "Wein/ Spirituosen/Spirituosen/highland_park_18_jahre_single_malt_whisky.jpg"
          },
          {
            "image_urls": [
              "https://www.edeka24.de/out/pictures/generated/product/1/224_224_90/barilla_pesto_pomodori_secchi_200_g.jpg"
            ],
            "ItemTitle": "Barilla Pesto Pomodori Secchi 200G",
            "ItemPrice": "3,69€",
            "ItemUnit": "18,45€/kg",
            "local_image_path": "Wein/ Spirituosen/Spirituosen/highland_park_18_jahre_single_malt_whisky.jpg"
          },
          {
            "image_urls": [
              "https://www.edeka24.de/out/pictures/generated/product/1/224_224_90/knorr_honigsenf_sauce_250_ml.jpg"
            ],
            "ItemTitle": "Knorr Honig-Senf Sauce 250ML",
            "ItemPrice": "1,59€",
            "ItemUnit": "6,36€/l",
            "local_image_path": "Wein/ Spirituosen/Spirituosen/highland_park_18_jahre_single_malt_whisky.jpg"
          },
          {
            "image_urls": [
              "https://www.edeka24.de/out/pictures/generated/product/1/224_224_90/kueenjoy_balsamivinaig300ml.jpg"
            ],
            "ItemTitle": "Kühne Enjoy Balsamico Vinaigrette 300 ml",
            "ItemPrice": "3,49€",
            "ItemUnit": "11,63€/l",
            "local_image_path": "Wein/ Spirituosen/Spirituosen/highland_park_18_jahre_single_malt_whisky.jpg"
          },
          {
            "image_urls": [
              "https://www.edeka24.de/out/pictures/generated/product/1/224_224_90/develey_sour_cream_sauce_250ml.jpg"
            ],
            "ItemTitle": "Develey Sour Cream Sauce 250ML",
            "ItemPrice": "1,89€",
            "ItemUnit": "7,56€/l",
            "local_image_path": "Lebensmittel/Soßen/develey_sour_cream_sauce_250ml.jpg"
          },
          {
            "image_urls": [
              "https://www.edeka24.de/out/pictures/generated/product/1/224_224_90/maggi_idee_fr_wrstchen_gulasch_30_g.jpg"
            ],
            "ItemTitle": "Maggi Würstchen Gulasch 30G",
            "ItemPrice": "1,19€",
            "ItemUnit": "39,67€/kg",
            "local_image_path": "Lebensmittel/Soßen/maggi_idee_fr_wrstchen_gulasch_30_g.jpg"
          },
          {
            "image_urls": [
              "https://www.edeka24.de/out/pictures/generated/product/1/224_224_90/maggi_helle_sauce_ergibt_3x_250ml.jpg"
            ],
            "ItemTitle": "Maggi Helle Sauce ergibt 3x 250ML",
            "ItemPrice": "1,39€",
            "ItemUnit": "1,85€/l",
            "local_image_path": "Wein/ Spirituosen/Spirituosen/highland_park_18_jahre_single_malt_whisky.jpg"
          },
          {
            "image_urls": [
              "https://www.edeka24.de/out/pictures/generated/product/1/224_224_90/knorr_feinschmecker_zitronen_butter_sauce_52g.jpg"
            ],
            "ItemTitle": "Knorr Feinschmecker Zitronen Butter Sauce ergibt 250ML",
            "ItemPrice": "1,29€",
            "ItemUnit": "5,16€/l",
            "local_image_path": "Lebensmittel/Soßen/knorr_feinschmecker_zitronen_butter_sauce_52g.jpg"
          },
          {
            "image_urls": [
              "https://www.edeka24.de/out/pictures/generated/product/1/224_224_90/oro_di_parma_tomatenmark_200g.jpg"
            ],
            "ItemTitle": "Oro di Parma Tomatenmark 200G",
            "ItemPrice": "2,19€",
            "ItemUnit": "10,95€/kg",
            "local_image_path": "Lebensmittel/Soßen/oro_di_parma_tomatenmark_200g.jpg"
          },
          {
            "image_urls": [
              "https://www.edeka24.de/out/pictures/generated/product/1/224_224_90/heinz_tomato_ketchup_750ml.jpg"
            ],
            "ItemTitle": "Heinz Tomato Ketchup 750ML",
            "ItemPrice": "4,79€",
            "ItemUnit": "6,39€/l",
            "local_image_path": "Lebensmittel/Soßen/heinz_tomato_ketchup_750ml.jpg"
          },
          {
            "image_urls": [
              "https://www.edeka24.de/out/pictures/generated/product/1/224_224_90/hela_original_tomaten_ketchup_ohne_zuckerzusatz_300ml.jpg"
            ],
            "ItemTitle": "Hela Original Tomaten Ketchup ohne Zuckerzusatz 300ML",
            "ItemPrice": "2,89€",
            "ItemUnit": "9,63€/l",
            "local_image_path": "Wein/ Spirituosen/Spirituosen/highland_park_18_jahre_single_malt_whisky.jpg"
          },
          {
            "image_urls": [
              "https://www.edeka24.de/out/pictures/generated/product/1/224_224_90/maggi_fix_gulasch_48g.jpg"
            ],
            "ItemTitle": "Maggi Fix Gulasch 48G",
            "ItemPrice": "1,19€",
            "ItemUnit": "24,79€/kg",
            "local_image_path": "Lebensmittel/Soßen/maggi_fix_gulasch_48g.jpg"
          },
          {
            "image_urls": [
              "https://www.edeka24.de/out/pictures/generated/product/1/224_224_90/hengstenberg_paprikatomatenmark_mit_chili_100g.jpg"
            ],
            "ItemTitle": "Hengstenberg Paprika-Tomaten-Mark mit Chili 100G",
            "ItemPrice": "1,99€",
            "ItemUnit": "19,90€/kg",
            "local_image_path": "Wein/ Spirituosen/Spirituosen/highland_park_18_jahre_single_malt_whisky.jpg"
          },
          {
            "image_urls": [
              "https://www.edeka24.de/out/pictures/generated/product/1/224_224_90/kamp252hne_wamp252rzsauce_made_for_meat_steakhouse_argentina_style_235ml.jpg"
            ],
            "ItemTitle": "Kühne Made for Meat Steakhouse Argentina Style 235ML",
            "ItemPrice": "2,19€",
            "ItemUnit": "9,32€/l",
            "local_image_path": "Lebensmittel/Soßen/kamp252hne_wamp252rzsauce_made_for_meat_steakhouse_argentina_style_235ml.jpg"
          },
          {
            "image_urls": [
              "https://www.edeka24.de/out/pictures/generated/product/1/224_224_90/khne_caesar_dressing_500_ml.jpg"
            ],
            "ItemTitle": "Kühne Caesar Dressing 500ML",
            "ItemPrice": "2,69€",
            "ItemUnit": "5,38€/l",
            "local_image_path": "Lebensmittel/Soßen/khne_caesar_dressing_500_ml.jpg"
          },
          {
            "image_urls": [
              "https://www.edeka24.de/out/pictures/generated/product/1/224_224_90/schamel_bayerischer_meerrettich_scharfwrzig_gro_145_g.jpg"
            ],
            "ItemTitle": "Schamel Bayerischer Meerrettich scharfwürzig 145G",
            "ItemPrice": "2,39€",
            "ItemUnit": "16,48€/kg",
            "local_image_path": "Wein/ Spirituosen/Spirituosen/highland_park_18_jahre_single_malt_whisky.jpg"
          },
          {
            "image_urls": [
              "https://www.edeka24.de/out/pictures/generated/product/1/224_224_90/khne_senf_mittelscharf(1).jpg"
            ],
            "ItemTitle": "Kühne Senf mittelscharf 250ML",
            "ItemPrice": "1,89€",
            "ItemUnit": "7,56€/l",
            "local_image_path": "Lebensmittel/Soßen/khne_senf_mittelscharf(1).jpg"
          },
          {
            "image_urls": [
              "https://www.edeka24.de/out/pictures/generated/product/1/224_224_90/homannhamsau.jpg"
            ],
            "ItemTitle": "Homann Hamburger Sauce Original 450ML",
            "ItemPrice": "2,79€",
            "ItemUnit": "6,20€/l",
            "local_image_path": "Lebensmittel/Soßen/homannhamsau.jpg"
          },
          {
            "image_urls": [
              "https://www.edeka24.de/out/pictures/generated/product/1/224_224_90/alnatura_bio_pesto_ricotta.jpg"
            ],
            "ItemTitle": "Alnatura Origin Bio Pesto Ricotta 140G",
            "ItemPrice": "3,19€",
            "ItemUnit": "22,79€/kg",
            "local_image_path": "Lebensmittel/Soßen/alnatura_bio_pesto_ricotta.jpg"
          },
          {
            "image_urls": [
              "https://www.edeka24.de/out/pictures/generated/product/1/224_224_90/knorr_feinschmecker_champignon_sauce_37g.jpg"
            ],
            "ItemTitle": "Knorr Feinschmecker Champignon Sauce ergibt 250ML",
            "ItemPrice": "1,29€",
            "ItemUnit": "5,16€/l",
            "local_image_path": "Lebensmittel/Soßen/knorr_feinschmecker_champignon_sauce_37g.jpg"
          },
          {
            "image_urls": [
              "https://www.edeka24.de/out/pictures/generated/product/1/224_224_90/knorr_tomato_al_gusto_arrabiata(1).jpg"
            ],
            "ItemTitle": "Knorr Tomato al Gusto Arrabiata 370G",
            "ItemPrice": "1,89€",
            "ItemUnit": "5,11€/kg",
            "local_image_path": "Lebensmittel/Soßen/knorr_tomato_al_gusto_arrabiata(1).jpg"
          },
          {
            "image_urls": [
              "https://www.edeka24.de/out/pictures/generated/product/1/224_224_90/knorr_fix_fr_paprikarahmschnitzel_43g.jpg"
            ],
            "ItemTitle": "Knorr Fix Paprika-Rahmschnitzel 43G",
            "ItemPrice": "1,09€",
            "ItemUnit": "25,35€/kg",
            "local_image_path": "Wein/ Spirituosen/Spirituosen/highland_park_18_jahre_single_malt_whisky.jpg"
          },
          {
            "image_urls": [
              "https://www.edeka24.de/out/pictures/generated/product/1/224_224_90/knorrzrichergeschnetzeltes.jpg"
            ],
            "ItemTitle": "Knorr Fix Geschnetzeltes Züricher Art 54G",
            "ItemPrice": "1,09€",
            "ItemUnit": "20,19€/kg",
            "local_image_path": "Wein/ Spirituosen/Spirituosen/highland_park_18_jahre_single_malt_whisky.jpg"
          },
          {
            "image_urls": [
              "https://www.edeka24.de/out/pictures/generated/product/1/224_224_90/maggi_fix_pfeffer_rahm_geschnetzeltes_27g.jpg"
            ],
            "ItemTitle": "Maggi Pfeffer-Rahm Geschnetzeltes 27G",
            "ItemPrice": "1,19€",
            "ItemUnit": "44,07€/kg",
            "local_image_path": "Wein/ Spirituosen/Spirituosen/highland_park_18_jahre_single_malt_whisky.jpg"
          },
          {
            "image_urls": [
              "https://www.edeka24.de/out/pictures/generated/product/1/224_224_90/knorr_tomaten_soamp223e_famp252r_2x250ml_76g.jpg"
            ],
            "ItemTitle": "Knorr Tomaten Soße ergibt 2x 250ML 76G",
            "ItemPrice": "1,59€",
            "ItemUnit": "20,92€/kg",
            "local_image_path": "Lebensmittel/Soßen/knorr_tomaten_soamp223e_famp252r_2x250ml_76g.jpg"
          },
          {
            "image_urls": [
              "https://www.edeka24.de/out/pictures/generated/product/1/224_224_90/alanaturasugopicante.jpg"
            ],
            "ItemTitle": "Alnatura Origin Bio Tomatensauce Sugo Piccante 325ML",
            "ItemPrice": "2,69€",
            "ItemUnit": "8,28€/l",
            "local_image_path": "Lebensmittel/Soßen/alanaturasugopicante.jpg"
          },
          {
            "image_urls": [
              "https://www.edeka24.de/out/pictures/generated/product/1/224_224_90/pomito_pizzaampamppasta_sauce_500g.jpg"
            ],
            "ItemTitle": "Pomito Pizza & Pasta Sauce 500G",
            "ItemPrice": "2,59€",
            "ItemUnit": "5,18€/kg",
            "local_image_path": "Lebensmittel/Soßen/pomito_pizzaampamppasta_sauce_500g.jpg"
          },
          {
            "image_urls": [
              "https://www.edeka24.de/out/pictures/generated/product/1/224_224_90/lwensenfmittelscharfmildbio.jpg"
            ],
            "ItemTitle": "Löwensenf Bio Senf mittelscharf mild 200ML",
            "ItemPrice": "1,79€",
            "ItemUnit": "8,95€/l",
            "local_image_path": "Lebensmittel/Soßen/lwensenfmittelscharfmildbio.jpg"
          },
          {
            "image_urls": [
              "https://www.edeka24.de/out/pictures/generated/product/1/224_224_90/barilla_pesto_basilico_e_rucola.jpg"
            ],
            "ItemTitle": "Barilla Pesto Basilico e Rucola 190G",
            "ItemPrice": "3,69€",
            "ItemUnit": "19,42€/kg",
            "local_image_path": "Lebensmittel/Soßen/barilla_pesto_basilico_e_rucola.jpg"
          },
          {
            "image_urls": [
              "https://www.edeka24.de/out/pictures/generated/product/1/224_224_90/hellmannmayo.jpg"
            ],
            "ItemTitle": "Hellmann's Mayo Vegan 270G",
            "ItemPrice": "2,99€",
            "ItemUnit": "11,07€/kg",
            "local_image_path": "Lebensmittel/Soßen/hellmannmayo.jpg"
          },
          {
            "image_urls": [
              "https://www.edeka24.de/out/pictures/generated/product/1/224_224_90/maggi_fix_hackbraten_70g.jpg"
            ],
            "ItemTitle": "Maggi Fix Hackbraten 70G",
            "ItemPrice": "1,19€",
            "ItemUnit": "17,00€/kg",
            "local_image_path": "Wein/ Spirituosen/Spirituosen/highland_park_18_jahre_single_malt_whisky.jpg"
          },
          {
            "image_urls": [
              "https://www.edeka24.de/out/pictures/generated/product/1/224_224_90/barilla_pesto_pomodori_secchi_200_g.jpg"
            ],
            "ItemTitle": "Barilla Pesto Pomodori Secchi 200G",
            "ItemPrice": "3,69€",
            "ItemUnit": "18,45€/kg",
            "local_image_path": "Wein/ Spirituosen/Spirituosen/highland_park_18_jahre_single_malt_whisky.jpg"
          },
          {
            "image_urls": [
              "https://www.edeka24.de/out/pictures/generated/product/1/224_224_90/knorr_honigsenf_sauce_250_ml.jpg"
            ],
            "ItemTitle": "Knorr Honig-Senf Sauce 250ML",
            "ItemPrice": "1,59€",
            "ItemUnit": "6,36€/l",
            "local_image_path": "Wein/ Spirituosen/Spirituosen/highland_park_18_jahre_single_malt_whisky.jpg"
          },
          {
            "image_urls": [
              "https://www.edeka24.de/out/pictures/generated/product/1/224_224_90/kueenjoy_balsamivinaig300ml.jpg"
            ],
            "ItemTitle": "Kühne Enjoy Balsamico Vinaigrette 300 ml",
            "ItemPrice": "3,49€",
            "ItemUnit": "11,63€/l",
            "local_image_path": "Wein/ Spirituosen/Spirituosen/highland_park_18_jahre_single_malt_whisky.jpg"
          },
          {
            "image_urls": [
              "https://www.edeka24.de/out/pictures/generated/product/1/224_224_90/develey_sour_cream_sauce_250ml.jpg"
            ],
            "ItemTitle": "Develey Sour Cream Sauce 250ML",
            "ItemPrice": "1,89€",
            "ItemUnit": "7,56€/l",
            "local_image_path": "Lebensmittel/Soßen/develey_sour_cream_sauce_250ml.jpg"
          },
          {
            "image_urls": [
              "https://www.edeka24.de/out/pictures/generated/product/1/224_224_90/maggi_idee_fr_wrstchen_gulasch_30_g.jpg"
            ],
            "ItemTitle": "Maggi Würstchen Gulasch 30G",
            "ItemPrice": "1,19€",
            "ItemUnit": "39,67€/kg",
            "local_image_path": "Lebensmittel/Soßen/maggi_idee_fr_wrstchen_gulasch_30_g.jpg"
          },
          {
            "image_urls": [
              "https://www.edeka24.de/out/pictures/generated/product/1/224_224_90/maggi_helle_sauce_ergibt_3x_250ml.jpg"
            ],
            "ItemTitle": "Maggi Helle Sauce ergibt 3x 250ML",
            "ItemPrice": "1,39€",
            "ItemUnit": "1,85€/l",
            "local_image_path": "Wein/ Spirituosen/Spirituosen/highland_park_18_jahre_single_malt_whisky.jpg"
          },
          {
            "image_urls": [
              "https://www.edeka24.de/out/pictures/generated/product/1/224_224_90/knorr_feinschmecker_zitronen_butter_sauce_52g.jpg"
            ],
            "ItemTitle": "Knorr Feinschmecker Zitronen Butter Sauce ergibt 250ML",
            "ItemPrice": "1,29€",
            "ItemUnit": "5,16€/l",
            "local_image_path": "Lebensmittel/Soßen/knorr_feinschmecker_zitronen_butter_sauce_52g.jpg"
          },
          {
            "image_urls": [
              "https://www.edeka24.de/out/pictures/generated/product/1/224_224_90/oro_di_parma_tomatenmark_200g.jpg"
            ],
            "ItemTitle": "Oro di Parma Tomatenmark 200G",
            "ItemPrice": "2,19€",
            "ItemUnit": "10,95€/kg",
            "local_image_path": "Lebensmittel/Soßen/oro_di_parma_tomatenmark_200g.jpg"
          },
          {
            "image_urls": [
              "https://www.edeka24.de/out/pictures/generated/product/1/224_224_90/heinz_tomato_ketchup_750ml.jpg"
            ],
            "ItemTitle": "Heinz Tomato Ketchup 750ML",
            "ItemPrice": "4,79€",
            "ItemUnit": "6,39€/l",
            "local_image_path": "Lebensmittel/Soßen/heinz_tomato_ketchup_750ml.jpg"
          },
          {
            "image_urls": [
              "https://www.edeka24.de/out/pictures/generated/product/1/224_224_90/hela_original_tomaten_ketchup_ohne_zuckerzusatz_300ml.jpg"
            ],
            "ItemTitle": "Hela Original Tomaten Ketchup ohne Zuckerzusatz 300ML",
            "ItemPrice": "2,89€",
            "ItemUnit": "9,63€/l",
            "local_image_path": "Wein/ Spirituosen/Spirituosen/highland_park_18_jahre_single_malt_whisky.jpg"
          },
          {
            "image_urls": [
              "https://www.edeka24.de/out/pictures/generated/product/1/224_224_90/maggi_fix_gulasch_48g.jpg"
            ],
            "ItemTitle": "Maggi Fix Gulasch 48G",
            "ItemPrice": "1,19€",
            "ItemUnit": "24,79€/kg",
            "local_image_path": "Lebensmittel/Soßen/maggi_fix_gulasch_48g.jpg"
          },
          {
            "image_urls": [
              "https://www.edeka24.de/out/pictures/generated/product/1/224_224_90/hengstenberg_paprikatomatenmark_mit_chili_100g.jpg"
            ],
            "ItemTitle": "Hengstenberg Paprika-Tomaten-Mark mit Chili 100G",
            "ItemPrice": "1,99€",
            "ItemUnit": "19,90€/kg",
            "local_image_path": "Wein/ Spirituosen/Spirituosen/highland_park_18_jahre_single_malt_whisky.jpg"
          },
          {
            "image_urls": [
              "https://www.edeka24.de/out/pictures/generated/product/1/224_224_90/kamp252hne_wamp252rzsauce_made_for_meat_steakhouse_argentina_style_235ml.jpg"
            ],
            "ItemTitle": "Kühne Made for Meat Steakhouse Argentina Style 235ML",
            "ItemPrice": "2,19€",
            "ItemUnit": "9,32€/l",
            "local_image_path": "Lebensmittel/Soßen/kamp252hne_wamp252rzsauce_made_for_meat_steakhouse_argentina_style_235ml.jpg"
          },
          {
            "image_urls": [
              "https://www.edeka24.de/out/pictures/generated/product/1/224_224_90/khne_caesar_dressing_500_ml.jpg"
            ],
            "ItemTitle": "Kühne Caesar Dressing 500ML",
            "ItemPrice": "2,69€",
            "ItemUnit": "5,38€/l",
            "local_image_path": "Lebensmittel/Soßen/khne_caesar_dressing_500_ml.jpg"
          },
          {
            "image_urls": [
              "https://www.edeka24.de/out/pictures/generated/product/1/224_224_90/schamel_bayerischer_meerrettich_scharfwrzig_gro_145_g.jpg"
            ],
            "ItemTitle": "Schamel Bayerischer Meerrettich scharfwürzig 145G",
            "ItemPrice": "2,39€",
            "ItemUnit": "16,48€/kg",
            "local_image_path": "Wein/ Spirituosen/Spirituosen/highland_park_18_jahre_single_malt_whisky.jpg"
          },
          {
            "image_urls": [
              "https://www.edeka24.de/out/pictures/generated/product/1/224_224_90/khne_senf_mittelscharf(1).jpg"
            ],
            "ItemTitle": "Kühne Senf mittelscharf 250ML",
            "ItemPrice": "1,89€",
            "ItemUnit": "7,56€/l",
            "local_image_path": "Lebensmittel/Soßen/khne_senf_mittelscharf(1).jpg"
          },
          {
            "image_urls": [
              "https://www.edeka24.de/out/pictures/generated/product/1/224_224_90/homannhamsau.jpg"
            ],
            "ItemTitle": "Homann Hamburger Sauce Original 450ML",
            "ItemPrice": "2,79€",
            "ItemUnit": "6,20€/l",
            "local_image_path": "Lebensmittel/Soßen/homannhamsau.jpg"
          },
          {
            "image_urls": [
              "https://www.edeka24.de/out/pictures/generated/product/1/224_224_90/alnatura_bio_pesto_ricotta.jpg"
            ],
            "ItemTitle": "Alnatura Origin Bio Pesto Ricotta 140G",
            "ItemPrice": "3,19€",
            "ItemUnit": "22,79€/kg",
            "local_image_path": "Lebensmittel/Soßen/alnatura_bio_pesto_ricotta.jpg"
          },
          {
            "image_urls": [
              "https://www.edeka24.de/out/pictures/generated/product/1/224_224_90/khnemfmflameroastpaprika.jpg"
            ],
            "ItemTitle": "Kühne Made for Meat Flame Roasted Paprika 235ML",
            "ItemPrice": "2,19€",
            "ItemUnit": "9,32€/l",
            "local_image_path": "Lebensmittel/Soßen/khnemfmflameroastpaprika.jpg"
          },
          {
            "image_urls": [
              "https://www.edeka24.de/out/pictures/generated/product/1/224_224_90/thomy_delikatess_senf_mittelscharf_im_glas_250ml.jpg"
            ],
            "ItemTitle": "Thomy Delikatess Senf Mittelscharf im Glas 250ML",
            "ItemPrice": "1,69€",
            "ItemUnit": "6,76€/l",
            "local_image_path": "Lebensmittel/Soßen/thomy_delikatess_senf_mittelscharf_im_glas_250ml.jpg"
          },
          {
            "image_urls": [
              "https://www.edeka24.de/out/pictures/generated/product/1/224_224_90/oro_di_parma_tomaten_passiert_400g(1).jpg"
            ],
            "ItemTitle": "Oro Di Parma Tomaten passiert 400G",
            "ItemPrice": "2,29€",
            "ItemUnit": "5,73€/kg",
            "local_image_path": "Lebensmittel/Soßen/oro_di_parma_tomaten_passiert_400g(1).jpg"
          },
          {
            "image_urls": [
              "https://www.edeka24.de/out/pictures/generated/product/1/224_224_90/knorr_spaghetteria_sauce_quattro_formaggi_50g.jpg"
            ],
            "ItemTitle": "Knorr Spaghetteria Sauce Quattro Formaggi ergibt 250ML",
            "ItemPrice": "1,29€",
            "ItemUnit": "5,16€/l",
            "local_image_path": "Lebensmittel/Soßen/knorr_spaghetteria_sauce_quattro_formaggi_50g.jpg"
          },
          {
            "image_urls": [
              "https://www.edeka24.de/out/pictures/generated/product/1/224_224_90/heinzknobsau.jpg"
            ],
            "ItemTitle": "Heinz Knoblauch Sauce 220ML",
            "ItemPrice": "2,49€",
            "ItemUnit": "11,32€/l",
            "local_image_path": "Lebensmittel/Soßen/heinzknobsau.jpg"
          },
          {
            "image_urls": [
              "https://www.edeka24.de/out/pictures/generated/product/1/224_224_90/lacroix-braten-paste-40g.jpg"
            ],
            "ItemTitle": "Lacroix Braten-Paste 40G",
            "ItemPrice": "1,49€",
            "ItemUnit": "37,25€/kg",
            "local_image_path": "Lebensmittel/Soßen/lacroix-braten-paste-40g.jpg"
          },
          {
            "image_urls": [
              "https://www.edeka24.de/out/pictures/generated/product/1/224_224_90/bullseye_spicy_garlic_300ml.jpg"
            ],
            "ItemTitle": "Heinz Bulls-Eye Spicy Garlic BBQ Sauce 300ML",
            "ItemPrice": "4,49€",
            "ItemUnit": "14,97€/l",
            "local_image_path": "Lebensmittel/Soßen/bullseye_spicy_garlic_300ml.jpg"
          },
          {
            "image_urls": [
              "https://www.edeka24.de/out/pictures/generated/product/1/224_224_90/knorr_pfeffer_soamp223e_famp252r_2x250ml_46g.jpg"
            ],
            "ItemTitle": "Knorr Pfeffer Soße ergibt 2x 250ML 46G",
            "ItemPrice": "1,59€",
            "ItemUnit": "34,57€/kg",
            "local_image_path": "Lebensmittel/Soßen/knorr_pfeffer_soamp223e_famp252r_2x250ml_46g.jpg"
          },
          {
            "image_urls": [
              "https://www.edeka24.de/out/pictures/generated/product/1/224_224_90/bio_alnatura_tomatensauce_kramp228uter_350ml.jpg"
            ],
            "ItemTitle": "Alnatura Bio Tomatensauce Kräuter 350ML",
            "ItemPrice": "2,69€",
            "ItemUnit": "7,69€/l",
            "local_image_path": "Lebensmittel/Soßen/bio_alnatura_tomatensauce_kramp228uter_350ml.jpg"
          },
          {
            "image_urls": [
              "https://www.edeka24.de/out/pictures/generated/product/1/224_224_90/heinz_tomato_ketchup_220ml(1).jpg"
            ],
            "ItemTitle": "Heinz Tomato Ketchup 220ML",
            "ItemPrice": "2,49€",
            "ItemUnit": "11,32€/l",
            "local_image_path": "Lebensmittel/Soßen/heinz_tomato_ketchup_220ml(1).jpg"
          },
          {
            "image_urls": [
              "https://www.edeka24.de/out/pictures/generated/product/1/224_224_90/knorrthacur.jpg"
            ],
            "ItemTitle": "Knorr Fix Thai Curry mild & cremig 30G",
            "ItemPrice": "1,09€",
            "ItemUnit": "36,33€/kg",
            "local_image_path": "Lebensmittel/Soßen/knorrthacur.jpg"
          },
          {
            "image_urls": [
              "https://www.edeka24.de/out/pictures/generated/product/1/224_224_90/4027468000201demeterharissa.png"
            ],
            "ItemTitle": "Erhardt Demeter Harissa 125G",
            "ItemPrice": "2,79€",
            "ItemUnit": "22,32€/kg",
            "local_image_path": "Lebensmittel/Soßen/4027468000201demeterharissa.png"
          },
          {
            "image_urls": [
              "https://www.edeka24.de/out/pictures/generated/product/1/224_224_90/thomy_scharfer_senf_gro_in_der_tube(1).jpg"
            ],
            "ItemTitle": "Thomy Scharfer Senf 200ML",
            "ItemPrice": "1,49€",
            "ItemUnit": "7,45€/l",
            "local_image_path": "Wein/ Spirituosen/Spirituosen/highland_park_18_jahre_single_malt_whisky.jpg"
          },
          {
            "image_urls": [
              "https://www.edeka24.de/out/pictures/generated/product/1/224_224_90/oro_di_parma_tomaten_stckig_400g.jpg"
            ],
            "ItemTitle": "Oro di Parma Tomaten stückig 400G",
            "ItemPrice": "2,29€",
            "ItemUnit": "5,73€/kg",
            "local_image_path": "Lebensmittel/Soßen/oro_di_parma_tomaten_stckig_400g.jpg"
          },
          {
            "image_urls": [
              "https://www.edeka24.de/out/pictures/generated/product/1/224_224_90/thomy_sauce_hollandaise_fr_gemse(1).jpg"
            ],
            "ItemTitle": "Thomy Sauce Hollandaise für Gemüse 250ML",
            "ItemPrice": "1,49€",
            "ItemUnit": "5,96€/l",
            "local_image_path": "Lebensmittel/Soßen/thomy_sauce_hollandaise_fr_gemse(1).jpg"
          },
          {
            "image_urls": [
              "https://www.edeka24.de/out/pictures/generated/product/1/224_224_90/biogourmettomatenpesto.jpg"
            ],
            "ItemTitle": "Bio Gourmet Tomaten Pesto 120G",
            "ItemPrice": "4,49€",
            "ItemUnit": "37,42€/kg",
            "local_image_path": "Bio-Produkte/Bio Marken/biogourmettomatenpesto.jpg"
          },
          {
            "image_urls": [
              "https://www.edeka24.de/out/pictures/generated/product/1/224_224_90/barilla_pesto_alla_siciliana.jpg"
            ],
            "ItemTitle": "Barilla Pesto alla Siciliana 190G",
            "ItemPrice": "3,69€",
            "ItemUnit": "19,42€/kg",
            "local_image_path": "Lebensmittel/Soßen/barilla_pesto_alla_siciliana.jpg"
          },
          {
            "image_urls": [
              "https://www.edeka24.de/out/pictures/generated/product/1/224_224_90/heinz_cocktail_sauce_220ml.jpg"
            ],
            "ItemTitle": "Heinz Cocktail Sauce 220ML",
            "ItemPrice": "2,49€",
            "ItemUnit": "11,32€/l",
            "local_image_path": "Lebensmittel/Soßen/heinz_cocktail_sauce_220ml.jpg"
          },
          {
            "image_urls": [
              "https://www.edeka24.de/out/pictures/generated/product/1/224_224_90/barilla_pesto_calabrese.jpg"
            ],
            "ItemTitle": "Barilla Pesto Calabrese 190G",
            "ItemPrice": "3,69€",
            "ItemUnit": "19,42€/kg",
            "local_image_path": "Wein/ Spirituosen/Spirituosen/highland_park_18_jahre_single_malt_whisky.jpg"
          },
          {
            "image_urls": [
              "https://www.edeka24.de/out/pictures/generated/product/1/224_224_90/bio_alnatura_tomatensauce_arrabiata_350ml.jpg"
            ],
            "ItemTitle": "Alnatura Bio Tomatensauce Arrabiata 350ML",
            "ItemPrice": "2,69€",
            "ItemUnit": "7,69€/l",
            "local_image_path": "Bio-Produkte/Lebensmittel von Alnatura/bio_alnatura_tomatensauce_arrabiata_350ml.jpg"
          },
          {
            "image_urls": [
              "https://www.edeka24.de/out/pictures/generated/product/1/224_224_90/maggi_arrabbiata_sauce_500g.jpg"
            ],
            "ItemTitle": "Maggi Arrabbiata Sauce 500G",
            "ItemPrice": "2,29€",
            "ItemUnit": "4,58€/kg",
            "local_image_path": "Lebensmittel/Soßen/maggi_arrabbiata_sauce_500g.jpg"
          },
          {
            "image_urls": [
              "https://www.edeka24.de/out/pictures/generated/product/1/224_224_90/heinz_american_burger_sauce_400ml.jpg"
            ],
            "ItemTitle": "Heinz American Burger Sauce 400ML",
            "ItemPrice": "3,49€",
            "ItemUnit": "8,73€/l",
            "local_image_path": "Wein/ Spirituosen/Spirituosen/highland_park_18_jahre_single_malt_whisky.jpg"
          },
          {
            "image_urls": [
              "https://www.edeka24.de/out/pictures/generated/product/1/224_224_90/maggi_fix_currywurst_38g.jpg"
            ],
            "ItemTitle": "Maggi Fix Currywurst 38G",
            "ItemPrice": "1,19€",
            "ItemUnit": "31,32€/kg",
            "local_image_path": "Wein/ Spirituosen/Spirituosen/highland_park_18_jahre_single_malt_whisky.jpg"
          },
          {
            "image_urls": [
              "https://www.edeka24.de/out/pictures/generated/product/1/224_224_90/demeter_delizie_passierte_tomaten_pomodoro_grob_700g.jpg"
            ],
            "ItemTitle": "Demeter Bio Delizie In Cucina Passierte Tomaten 700G",
            "ItemPrice": "2,59€",
            "ItemUnit": "3,70€/kg",
            "local_image_path": "Bio-Produkte/Bio Marken/demeter_delizie_passierte_tomaten_pomodoro_grob_700g.jpg"
          },
          {
            "image_urls": [
              "https://www.edeka24.de/out/pictures/generated/product/1/224_224_90/gustibus_tomatensauce_aus_kirschtomaten_330g.jpg"
            ],
            "ItemTitle": "Gustibus Tomatensauce aus Kirschtomaten 330G",
            "ItemPrice": "2,39€",
            "ItemUnit": "7,24€/kg",
            "local_image_path": "Wein/ Spirituosen/Spirituosen/highland_park_18_jahre_single_malt_whisky.jpg"
          },
          {
            "image_urls": [
              "https://www.edeka24.de/out/pictures/generated/product/1/224_224_90/alnaturavegetarischesojabolo.jpg"
            ],
            "ItemTitle": "Alnatura Bio Vegetarische Soja-Bolognese 350ML",
            "ItemPrice": "2,69€",
            "ItemUnit": "7,69€/l",
            "local_image_path": "Wein/ Spirituosen/Spirituosen/highland_park_18_jahre_single_malt_whisky.jpg"
          },
          {
            "image_urls": [
              "https://www.edeka24.de/out/pictures/generated/product/1/224_224_90/khne-steak-sauce.jpg"
            ],
            "ItemTitle": "Kühne Steak Grillsauce 250ML",
            "ItemPrice": "1,79€",
            "ItemUnit": "7,16€/l",
            "local_image_path": "Lebensmittel/Soßen/khne-steak-sauce.jpg"
          },
          {
            "image_urls": [
              "https://www.edeka24.de/out/pictures/generated/product/1/224_224_90/knorr_curry_sauce_250_ml.jpg"
            ],
            "ItemTitle": "Knorr Curry Sauce 250ML",
            "ItemPrice": "1,59€",
            "ItemUnit": "6,36€/l",
            "local_image_path": "Lebensmittel/Soßen/knorr_curry_sauce_250_ml.jpg"
          },
          {
            "image_urls": [
              "https://www.edeka24.de/out/pictures/generated/product/1/224_224_90/knorr_feinschmecker_edelpilz_sauce_38_g.jpg"
            ],
            "ItemTitle": "Knorr Feinschmecker Edelpilz Sauce ergibt 250ML",
            "ItemPrice": "1,29€",
            "ItemUnit": "5,16€/l",
            "local_image_path": "Lebensmittel/Soßen/knorr_feinschmecker_edelpilz_sauce_38_g.jpg"
          },
          {
            "image_urls": [
              "https://www.edeka24.de/out/pictures/generated/product/1/224_224_90/lee_kum_kee_sojasauce_hell_150ml.jpg"
            ],
            "ItemTitle": "Lee Kum Kee Sojasauce hell 150ML",
            "ItemPrice": "2,29€",
            "ItemUnit": "15,27€/l",
            "local_image_path": "Lebensmittel/Internationales/lee_kum_kee_sojasauce_hell_150ml.jpg"
          },
          {
            "image_urls": [
              "https://www.edeka24.de/out/pictures/generated/product/1/224_224_90/maillemittelscharfcremigmild2.jpg"
            ],
            "ItemTitle": "Maille Senf mittelscharf cremig und mild 200ML",
            "ItemPrice": "3,29€",
            "ItemUnit": "16,45€/l",
            "local_image_path": "Wein/ Spirituosen/Spirituosen/highland_park_18_jahre_single_malt_whisky.jpg"
          },
          {
            "image_urls": [
              "https://www.edeka24.de/out/pictures/generated/product/1/224_224_90/lee_kum_kee_sojasauce_dunkel_150ml.jpg"
            ],
            "ItemTitle": "Lee Kum Kee Sojasauce dunkel 150ML",
            "ItemPrice": "2,29€",
            "ItemUnit": "15,27€/l",
            "local_image_path": "Lebensmittel/Internationales/lee_kum_kee_sojasauce_dunkel_150ml.jpg"
          },
          {
            "image_urls": [
              "https://www.edeka24.de/out/pictures/generated/product/1/224_224_90/edeka_bio_tomatensauce_arrabbiata_350ml.jpg"
            ],
            "ItemTitle": "EDEKA Bio Tomatensauce Arrabbiata 350ML",
            "ItemPrice": "1,69€",
            "ItemUnit": "4,83€/l",
            "local_image_path": "Lebensmittel/Soßen/edeka_bio_tomatensauce_arrabbiata_350ml.jpg"
          },
          {
            "image_urls": [
              "https://www.edeka24.de/out/pictures/generated/product/1/224_224_90/barilla_pomodoro.jpg"
            ],
            "ItemTitle": "Barilla Pasta Sauce Pomodoro 400G",
            "ItemPrice": "3,29€",
            "ItemUnit": "8,23€/kg",
            "local_image_path": "Wein/ Spirituosen/Spirituosen/highland_park_18_jahre_single_malt_whisky.jpg"
          },
          {
            "image_urls": [
              "https://www.edeka24.de/out/pictures/generated/product/1/224_224_90/terrediliguriapestogenovese.jpg"
            ],
            "ItemTitle": "Audia Food Terre di Liguria Pesto alla Genovese 180G",
            "ItemPrice": "6,49€",
            "ItemUnit": "36,06€/kg",
            "local_image_path": "Wein/ Spirituosen/Spirituosen/highland_park_18_jahre_single_malt_whisky.jpg"
          },
          {
            "image_urls": [
              "https://www.edeka24.de/out/pictures/generated/product/1/224_224_90/kamp252hne_dressing_joghurtkramp228uter_leicht_500ml.jpg"
            ],
            "ItemTitle": "Kühne Dressing Joghurt-Kräuter leicht 500ML",
            "ItemPrice": "2,69€",
            "ItemUnit": "5,38€/l",
            "local_image_path": "Wein/ Spirituosen/Spirituosen/highland_park_18_jahre_single_malt_whisky.jpg"
          },
          {
            "image_urls": [
              "https://www.edeka24.de/out/pictures/generated/product/1/224_224_90/maggi_idee_fr_champignonrahm_hhnchen_36_g.jpg"
            ],
            "ItemTitle": "Maggi Champignon-Rahm Hähnchen 36G",
            "ItemPrice": "1,19€",
            "ItemUnit": "33,06€/kg",
            "local_image_path": "Jetzt wird gerettet!/default_subcategory/maggi_idee_fr_champignonrahm_hhnchen_36_g.jpg"
          },
          {
            "image_urls": [
              "https://www.edeka24.de/out/pictures/generated/product/1/224_224_90/pampampw_hamburger_sauce_425g.jpg"
            ],
            "ItemTitle": "P&W Hamburger Sauce 425G",
            "ItemPrice": "2,79€",
            "ItemUnit": "6,56€/kg",
            "local_image_path": "Lebensmittel/Soßen/pampampw_hamburger_sauce_425g.jpg"
          },
          {
            "image_urls": [
              "https://www.edeka24.de/out/pictures/generated/product/1/224_224_90/hpbbqhoney.jpg"
            ],
            "ItemTitle": "Heinz HP Honey BBQ Sauce 400ML",
            "ItemPrice": "4,99€",
            "ItemUnit": "12,48€/l",
            "local_image_path": "Wein/ Spirituosen/Spirituosen/highland_park_18_jahre_single_malt_whisky.jpg"
          },
          {
            "image_urls": [
              "https://www.edeka24.de/out/pictures/generated/product/1/224_224_90/goudasglorieksesauce.jpg"
            ],
            "ItemTitle": "Gouda's Glorie Creamy Cheese Style Sauce 650ML",
            "ItemPrice": "4,29€",
            "ItemUnit": "6,60€/l",
            "local_image_path": "Lebensmittel/Soßen/goudasglorieksesauce.jpg"
          },
          {
            "image_urls": [
              "https://www.edeka24.de/out/pictures/generated/product/1/224_224_90/englertkalbs-jus.jpg"
            ],
            "ItemTitle": "Englert Kalbs-Jus 200ML",
            "ItemPrice": "2,19€",
            "ItemUnit": "10,95€/l",
            "local_image_path": "Wein/ Spirituosen/Spirituosen/highland_park_18_jahre_single_malt_whisky.jpg"
          },
          {
            "image_urls": [
              "https://www.edeka24.de/out/pictures/generated/product/1/224_224_90/bertolli_sauce_primavera_400g.jpg"
            ],
            "ItemTitle": "Bertolli Sauce Primavera 400G",
            "ItemPrice": "2,99€",
            "ItemUnit": "7,48€/kg",
            "local_image_path": "Lebensmittel/Soßen/bertolli_sauce_primavera_400g.jpg"
          },
          {
            "image_urls": [
              "https://www.edeka24.de/out/pictures/generated/product/1/224_224_90/thomy_die_natamp252rlich_leichte_250ml.jpg"
            ],
            "ItemTitle": "Thomy Die Natürlich Leichte 250ML",
            "ItemPrice": "2,19€",
            "ItemUnit": "8,76€/l",
            "local_image_path": "Lebensmittel/Soßen/thomy_die_natamp252rlich_leichte_250ml.jpg"
          },
          {
            "image_urls": [
              "https://www.edeka24.de/out/pictures/generated/product/1/224_224_90/bertolli_sauce_quattro_formaggi_al_pomodoro_400g.jpg"
            ],
            "ItemTitle": "Bertolli Sauce Quattro Formaggi al Pomodoro 400G",
            "ItemPrice": "2,99€",
            "ItemUnit": "7,48€/kg",
            "local_image_path": "Lebensmittel/Soßen/bertolli_sauce_quattro_formaggi_al_pomodoro_400g.jpg"
          },
          {
            "image_urls": [
              "https://www.edeka24.de/out/pictures/generated/product/1/224_224_90/maggi_fix_zwiebel_rahm_schnitzel_33g.jpg"
            ],
            "ItemTitle": "Maggi Zwiebel-Rahm Schnitzel 33G",
            "ItemPrice": "1,19€",
            "ItemUnit": "36,06€/kg",
            "local_image_path": "Lebensmittel/Soßen/maggi_fix_zwiebel_rahm_schnitzel_33g.jpg"
          },
          {
            "image_urls": [
              "https://www.edeka24.de/out/pictures/generated/product/1/224_224_90/barilla_pesto_basilico_vegan.jpg"
            ],
            "ItemTitle": "Barilla Pesto Basilico vegan 195G",
            "ItemPrice": "3,69€",
            "ItemUnit": "18,92€/kg",
            "local_image_path": "Lebensmittel/Soßen/barilla_pesto_basilico_vegan.jpg"
          },
          {
            "image_urls": [
              "https://www.edeka24.de/out/pictures/generated/product/1/224_224_90/lwensenfbiodijon.jpg"
            ],
            "ItemTitle": "Löwensenf Bio Dijon 250ML",
            "ItemPrice": "2,69€",
            "ItemUnit": "10,76€/l",
            "local_image_path": "Wein/ Spirituosen/Spirituosen/highland_park_18_jahre_single_malt_whisky.jpg"
          },
          {
            "image_urls": [
              "https://www.edeka24.de/out/pictures/generated/product/1/224_224_90/alnaturatomsaubasilikum.jpg"
            ],
            "ItemTitle": "Alnatura Bio Tomatensauce Basilikum 350ML",
            "ItemPrice": "2,69€",
            "ItemUnit": "7,69€/l",
            "local_image_path": "Bio-Produkte/Lebensmittel von Alnatura/alnaturatomsaubasilikum.jpg"
          },
          {
            "image_urls": [
              "https://www.edeka24.de/out/pictures/generated/product/1/224_224_90/maggi_famp252r_genieamp223er_sauce_curry_famp252r_250ml.jpg"
            ],
            "ItemTitle": "Maggi Für Genießer Sauce Curry ergibt 250ML",
            "ItemPrice": "1,29€",
            "ItemUnit": "5,16€/l",
            "local_image_path": "Wein/ Spirituosen/Spirituosen/highland_park_18_jahre_single_malt_whisky.jpg"
          },
          {
            "image_urls": [
              "https://www.edeka24.de/out/pictures/generated/product/1/224_224_90/hela_curry_gewamp252rz_ketchup_scharf_300ml.jpg"
            ],
            "ItemTitle": "Hela Curry Gewürz Ketchup scharf 300ML",
            "ItemPrice": "2,59€",
            "ItemUnit": "8,63€/l",
            "local_image_path": "Lebensmittel/Soßen/hela_curry_gewamp252rz_ketchup_scharf_300ml.jpg"
          },
          {
            "image_urls": [
              "https://www.edeka24.de/out/pictures/generated/product/1/224_224_90/chio_dip_mild_salsa_200ml.jpg"
            ],
            "ItemTitle": "Chio Dip! Mild Salsa 200ML",
            "ItemPrice": "2,79€",
            "ItemUnit": "13,95€/l",
            "local_image_path": "Lebensmittel/Soßen/chio_dip_mild_salsa_200ml.jpg"
          },
          {
            "image_urls": [
              "https://www.edeka24.de/out/pictures/generated/product/1/224_224_90/maggi_fix_spaghetti_tomate_mozzarella_40g.jpg"
            ],
            "ItemTitle": "Maggi Spaghetti Tomate-Mozzarella 40G",
            "ItemPrice": "1,19€",
            "ItemUnit": "29,75€/kg",
            "local_image_path": "Lebensmittel/Soßen/maggi_fix_spaghetti_tomate_mozzarella_40g.jpg"
          },
          {
            "image_urls": [
              "https://www.edeka24.de/out/pictures/generated/product/1/224_224_90/maggi_idee_fr_seelachs_in_krutersahne_33_g.jpg"
            ],
            "ItemTitle": "Maggi Seelachs in Kräuter-Sahne 33G",
            "ItemPrice": "1,19€",
            "ItemUnit": "36,06€/kg",
            "local_image_path": "Lebensmittel/Soßen/maggi_idee_fr_seelachs_in_krutersahne_33_g.jpg"
          },
          {
            "image_urls": [
              "https://www.edeka24.de/out/pictures/generated/product/1/224_224_90/alnatura_bio_rote_thai_currypaste_135g.jpg"
            ],
            "ItemTitle": "Alnatura Bio Rote Thai Curry-Paste 135G",
            "ItemPrice": "2,99€",
            "ItemUnit": "22,15€/kg",
            "local_image_path": "Lebensmittel/Internationales/alnatura_bio_rote_thai_currypaste_135g.jpg"
          },
          {
            "image_urls": [
              "https://www.edeka24.de/out/pictures/generated/product/1/224_224_90/englertrinder-jus.jpg"
            ],
            "ItemTitle": "Englert Rinder-Jus 200ML",
            "ItemPrice": "2,19€",
            "ItemUnit": "10,95€/l",
            "local_image_path": "Lebensmittel/Soßen/englertrinder-jus.jpg"
          },
          {
            "image_urls": [
              "https://www.edeka24.de/out/pictures/generated/product/1/224_224_90/alnatura_bio_pesto_verde.jpg"
            ],
            "ItemTitle": "Alnatura Bio Pesto Verde 120G",
            "ItemPrice": "3,29€",
            "ItemUnit": "27,42€/kg",
            "local_image_path": "Bio-Produkte/Lebensmittel von Alnatura/alnatura_bio_pesto_verde.jpg"
          },
          {
            "image_urls": [
              "https://www.edeka24.de/out/pictures/generated/product/1/224_224_90/knorr_jamp228ger_soamp223e_famp252r_2x250ml_46g.jpg"
            ],
            "ItemTitle": "Knorr Jäger Soße ergibt 2x 250ML 46G",
            "ItemPrice": "1,59€",
            "ItemUnit": "34,57€/kg",
            "local_image_path": "Lebensmittel/Soßen/knorr_jamp228ger_soamp223e_famp252r_2x250ml_46g.jpg"
          },
          {
            "image_urls": [
              "https://www.edeka24.de/out/pictures/generated/product/1/224_224_90/knorrtikmas.jpg"
            ],
            "ItemTitle": "Knorr Fix Indisches Hähnchen Tikka Masala 36G",
            "ItemPrice": "1,09€",
            "ItemUnit": "30,28€/kg",
            "local_image_path": "Lebensmittel/Soßen/knorrtikmas.jpg"
          },
          {
            "image_urls": [
              "https://www.edeka24.de/out/pictures/generated/product/1/224_224_90/bertolli_pesto_rosso_185g.jpg"
            ],
            "ItemTitle": "Bertolli Pesto Rosso 185G",
            "ItemPrice": "3,49€",
            "ItemUnit": "18,86€/kg",
            "local_image_path": "Lebensmittel/Soßen/bertolli_pesto_rosso_185g.jpg"
          },
          {
            "image_urls": [
              "https://www.edeka24.de/out/pictures/generated/product/1/224_224_90/schamel_rachenputzer_meerrettich_extra_140_g.jpg"
            ],
            "ItemTitle": "Schamel Rachenputzer Meerrettich extra 140G",
            "ItemPrice": "2,49€",
            "ItemUnit": "17,79€/kg",
            "local_image_path": "Lebensmittel/Soßen/schamel_rachenputzer_meerrettich_extra_140_g.jpg"
          },
          {
            "image_urls": [
              "https://www.edeka24.de/out/pictures/generated/product/1/224_224_90/maillemittelscharfcremigmild2.jpg"
            ],
            "ItemTitle": "Maille Senf mittelscharf cremig und mild 200ML",
            "ItemPrice": "3,29€",
            "ItemUnit": "16,45€/l",
            "local_image_path": "Wein/ Spirituosen/Spirituosen/highland_park_18_jahre_single_malt_whisky.jpg"
          },
          {
            "image_urls": [
              "https://www.edeka24.de/out/pictures/generated/product/1/224_224_90/lee_kum_kee_sojasauce_dunkel_150ml.jpg"
            ],
            "ItemTitle": "Lee Kum Kee Sojasauce dunkel 150ML",
            "ItemPrice": "2,29€",
            "ItemUnit": "15,27€/l",
            "local_image_path": "Lebensmittel/Internationales/lee_kum_kee_sojasauce_dunkel_150ml.jpg"
          },
          {
            "image_urls": [
              "https://www.edeka24.de/out/pictures/generated/product/1/224_224_90/edeka_bio_tomatensauce_arrabbiata_350ml.jpg"
            ],
            "ItemTitle": "EDEKA Bio Tomatensauce Arrabbiata 350ML",
            "ItemPrice": "1,69€",
            "ItemUnit": "4,83€/l",
            "local_image_path": "Lebensmittel/Soßen/edeka_bio_tomatensauce_arrabbiata_350ml.jpg"
          },
          {
            "image_urls": [
              "https://www.edeka24.de/out/pictures/generated/product/1/224_224_90/barilla_pomodoro.jpg"
            ],
            "ItemTitle": "Barilla Pasta Sauce Pomodoro 400G",
            "ItemPrice": "3,29€",
            "ItemUnit": "8,23€/kg",
            "local_image_path": "Wein/ Spirituosen/Spirituosen/highland_park_18_jahre_single_malt_whisky.jpg"
          },
          {
            "image_urls": [
              "https://www.edeka24.de/out/pictures/generated/product/1/224_224_90/terrediliguriapestogenovese.jpg"
            ],
            "ItemTitle": "Audia Food Terre di Liguria Pesto alla Genovese 180G",
            "ItemPrice": "6,49€",
            "ItemUnit": "36,06€/kg",
            "local_image_path": "Wein/ Spirituosen/Spirituosen/highland_park_18_jahre_single_malt_whisky.jpg"
          },
          {
            "image_urls": [
              "https://www.edeka24.de/out/pictures/generated/product/1/224_224_90/kamp252hne_dressing_joghurtkramp228uter_leicht_500ml.jpg"
            ],
            "ItemTitle": "Kühne Dressing Joghurt-Kräuter leicht 500ML",
            "ItemPrice": "2,69€",
            "ItemUnit": "5,38€/l",
            "local_image_path": "Wein/ Spirituosen/Spirituosen/highland_park_18_jahre_single_malt_whisky.jpg"
          },
          {
            "image_urls": [
              "https://www.edeka24.de/out/pictures/generated/product/1/224_224_90/maggi_idee_fr_champignonrahm_hhnchen_36_g.jpg"
            ],
            "ItemTitle": "Maggi Champignon-Rahm Hähnchen 36G",
            "ItemPrice": "1,19€",
            "ItemUnit": "33,06€/kg",
            "local_image_path": "Jetzt wird gerettet!/default_subcategory/maggi_idee_fr_champignonrahm_hhnchen_36_g.jpg"
          },
          {
            "image_urls": [
              "https://www.edeka24.de/out/pictures/generated/product/1/224_224_90/pampampw_hamburger_sauce_425g.jpg"
            ],
            "ItemTitle": "P&W Hamburger Sauce 425G",
            "ItemPrice": "2,79€",
            "ItemUnit": "6,56€/kg",
            "local_image_path": "Lebensmittel/Soßen/pampampw_hamburger_sauce_425g.jpg"
          },
          {
            "image_urls": [
              "https://www.edeka24.de/out/pictures/generated/product/1/224_224_90/hpbbqhoney.jpg"
            ],
            "ItemTitle": "Heinz HP Honey BBQ Sauce 400ML",
            "ItemPrice": "4,99€",
            "ItemUnit": "12,48€/l",
            "local_image_path": "Wein/ Spirituosen/Spirituosen/highland_park_18_jahre_single_malt_whisky.jpg"
          },
          {
            "image_urls": [
              "https://www.edeka24.de/out/pictures/generated/product/1/224_224_90/goudasglorieksesauce.jpg"
            ],
            "ItemTitle": "Gouda's Glorie Creamy Cheese Style Sauce 650ML",
            "ItemPrice": "4,29€",
            "ItemUnit": "6,60€/l",
            "local_image_path": "Lebensmittel/Soßen/goudasglorieksesauce.jpg"
          },
          {
            "image_urls": [
              "https://www.edeka24.de/out/pictures/generated/product/1/224_224_90/englertkalbs-jus.jpg"
            ],
            "ItemTitle": "Englert Kalbs-Jus 200ML",
            "ItemPrice": "2,19€",
            "ItemUnit": "10,95€/l",
            "local_image_path": "Wein/ Spirituosen/Spirituosen/highland_park_18_jahre_single_malt_whisky.jpg"
          },
          {
            "image_urls": [
              "https://www.edeka24.de/out/pictures/generated/product/1/224_224_90/bertolli_sauce_primavera_400g.jpg"
            ],
            "ItemTitle": "Bertolli Sauce Primavera 400G",
            "ItemPrice": "2,99€",
            "ItemUnit": "7,48€/kg",
            "local_image_path": "Lebensmittel/Soßen/bertolli_sauce_primavera_400g.jpg"
          },
          {
            "image_urls": [
              "https://www.edeka24.de/out/pictures/generated/product/1/224_224_90/thomy_die_natamp252rlich_leichte_250ml.jpg"
            ],
            "ItemTitle": "Thomy Die Natürlich Leichte 250ML",
            "ItemPrice": "2,19€",
            "ItemUnit": "8,76€/l",
            "local_image_path": "Lebensmittel/Soßen/thomy_die_natamp252rlich_leichte_250ml.jpg"
          },
          {
            "image_urls": [
              "https://www.edeka24.de/out/pictures/generated/product/1/224_224_90/bertolli_sauce_quattro_formaggi_al_pomodoro_400g.jpg"
            ],
            "ItemTitle": "Bertolli Sauce Quattro Formaggi al Pomodoro 400G",
            "ItemPrice": "2,99€",
            "ItemUnit": "7,48€/kg",
            "local_image_path": "Lebensmittel/Soßen/bertolli_sauce_quattro_formaggi_al_pomodoro_400g.jpg"
          },
          {
            "image_urls": [
              "https://www.edeka24.de/out/pictures/generated/product/1/224_224_90/maggi_fix_zwiebel_rahm_schnitzel_33g.jpg"
            ],
            "ItemTitle": "Maggi Zwiebel-Rahm Schnitzel 33G",
            "ItemPrice": "1,19€",
            "ItemUnit": "36,06€/kg",
            "local_image_path": "Lebensmittel/Soßen/maggi_fix_zwiebel_rahm_schnitzel_33g.jpg"
          },
          {
            "image_urls": [
              "https://www.edeka24.de/out/pictures/generated/product/1/224_224_90/barilla_pesto_basilico_vegan.jpg"
            ],
            "ItemTitle": "Barilla Pesto Basilico vegan 195G",
            "ItemPrice": "3,69€",
            "ItemUnit": "18,92€/kg",
            "local_image_path": "Lebensmittel/Soßen/barilla_pesto_basilico_vegan.jpg"
          },
          {
            "image_urls": [
              "https://www.edeka24.de/out/pictures/generated/product/1/224_224_90/lwensenfbiodijon.jpg"
            ],
            "ItemTitle": "Löwensenf Bio Dijon 250ML",
            "ItemPrice": "2,69€",
            "ItemUnit": "10,76€/l",
            "local_image_path": "Wein/ Spirituosen/Spirituosen/highland_park_18_jahre_single_malt_whisky.jpg"
          },
          {
            "image_urls": [
              "https://www.edeka24.de/out/pictures/generated/product/1/224_224_90/alnaturatomsaubasilikum.jpg"
            ],
            "ItemTitle": "Alnatura Bio Tomatensauce Basilikum 350ML",
            "ItemPrice": "2,69€",
            "ItemUnit": "7,69€/l",
            "local_image_path": "Bio-Produkte/Lebensmittel von Alnatura/alnaturatomsaubasilikum.jpg"
          },
          {
            "image_urls": [
              "https://www.edeka24.de/out/pictures/generated/product/1/224_224_90/maggi_famp252r_genieamp223er_sauce_curry_famp252r_250ml.jpg"
            ],
            "ItemTitle": "Maggi Für Genießer Sauce Curry ergibt 250ML",
            "ItemPrice": "1,29€",
            "ItemUnit": "5,16€/l",
            "local_image_path": "Wein/ Spirituosen/Spirituosen/highland_park_18_jahre_single_malt_whisky.jpg"
          },
          {
            "image_urls": [
              "https://www.edeka24.de/out/pictures/generated/product/1/224_224_90/hela_curry_gewamp252rz_ketchup_scharf_300ml.jpg"
            ],
            "ItemTitle": "Hela Curry Gewürz Ketchup scharf 300ML",
            "ItemPrice": "2,59€",
            "ItemUnit": "8,63€/l",
            "local_image_path": "Lebensmittel/Soßen/hela_curry_gewamp252rz_ketchup_scharf_300ml.jpg"
          },
          {
            "image_urls": [
              "https://www.edeka24.de/out/pictures/generated/product/1/224_224_90/chio_dip_mild_salsa_200ml.jpg"
            ],
            "ItemTitle": "Chio Dip! Mild Salsa 200ML",
            "ItemPrice": "2,79€",
            "ItemUnit": "13,95€/l",
            "local_image_path": "Lebensmittel/Soßen/chio_dip_mild_salsa_200ml.jpg"
          },
          {
            "image_urls": [
              "https://www.edeka24.de/out/pictures/generated/product/1/224_224_90/maggi_fix_spaghetti_tomate_mozzarella_40g.jpg"
            ],
            "ItemTitle": "Maggi Spaghetti Tomate-Mozzarella 40G",
            "ItemPrice": "1,19€",
            "ItemUnit": "29,75€/kg",
            "local_image_path": "Lebensmittel/Soßen/maggi_fix_spaghetti_tomate_mozzarella_40g.jpg"
          },
          {
            "image_urls": [
              "https://www.edeka24.de/out/pictures/generated/product/1/224_224_90/maggi_idee_fr_seelachs_in_krutersahne_33_g.jpg"
            ],
            "ItemTitle": "Maggi Seelachs in Kräuter-Sahne 33G",
            "ItemPrice": "1,19€",
            "ItemUnit": "36,06€/kg",
            "local_image_path": "Lebensmittel/Soßen/maggi_idee_fr_seelachs_in_krutersahne_33_g.jpg"
          },
          {
            "image_urls": [
              "https://www.edeka24.de/out/pictures/generated/product/1/224_224_90/alnatura_bio_rote_thai_currypaste_135g.jpg"
            ],
            "ItemTitle": "Alnatura Bio Rote Thai Curry-Paste 135G",
            "ItemPrice": "2,99€",
            "ItemUnit": "22,15€/kg",
            "local_image_path": "Lebensmittel/Internationales/alnatura_bio_rote_thai_currypaste_135g.jpg"
          },
          {
            "image_urls": [
              "https://www.edeka24.de/out/pictures/generated/product/1/224_224_90/englertrinder-jus.jpg"
            ],
            "ItemTitle": "Englert Rinder-Jus 200ML",
            "ItemPrice": "2,19€",
            "ItemUnit": "10,95€/l",
            "local_image_path": "Lebensmittel/Soßen/englertrinder-jus.jpg"
          },
          {
            "image_urls": [
              "https://www.edeka24.de/out/pictures/generated/product/1/224_224_90/alnatura_bio_pesto_verde.jpg"
            ],
            "ItemTitle": "Alnatura Bio Pesto Verde 120G",
            "ItemPrice": "3,29€",
            "ItemUnit": "27,42€/kg",
            "local_image_path": "Bio-Produkte/Lebensmittel von Alnatura/alnatura_bio_pesto_verde.jpg"
          },
          {
            "image_urls": [
              "https://www.edeka24.de/out/pictures/generated/product/1/224_224_90/knorr_jamp228ger_soamp223e_famp252r_2x250ml_46g.jpg"
            ],
            "ItemTitle": "Knorr Jäger Soße ergibt 2x 250ML 46G",
            "ItemPrice": "1,59€",
            "ItemUnit": "34,57€/kg",
            "local_image_path": "Lebensmittel/Soßen/knorr_jamp228ger_soamp223e_famp252r_2x250ml_46g.jpg"
          },
          {
            "image_urls": [
              "https://www.edeka24.de/out/pictures/generated/product/1/224_224_90/knorrtikmas.jpg"
            ],
            "ItemTitle": "Knorr Fix Indisches Hähnchen Tikka Masala 36G",
            "ItemPrice": "1,09€",
            "ItemUnit": "30,28€/kg",
            "local_image_path": "Lebensmittel/Soßen/knorrtikmas.jpg"
          },
          {
            "image_urls": [
              "https://www.edeka24.de/out/pictures/generated/product/1/224_224_90/bertolli_pesto_rosso_185g.jpg"
            ],
            "ItemTitle": "Bertolli Pesto Rosso 185G",
            "ItemPrice": "3,49€",
            "ItemUnit": "18,86€/kg",
            "local_image_path": "Lebensmittel/Soßen/bertolli_pesto_rosso_185g.jpg"
          },
          {
            "image_urls": [
              "https://www.edeka24.de/out/pictures/generated/product/1/224_224_90/schamel_rachenputzer_meerrettich_extra_140_g.jpg"
            ],
            "ItemTitle": "Schamel Rachenputzer Meerrettich extra 140G",
            "ItemPrice": "2,49€",
            "ItemUnit": "17,79€/kg",
            "local_image_path": "Lebensmittel/Soßen/schamel_rachenputzer_meerrettich_extra_140_g.jpg"
          },
          {
            "image_urls": [
              "https://www.edeka24.de/out/pictures/generated/product/1/224_224_90/maggi_fix_pasta_funghi_36g.jpg"
            ],
            "ItemTitle": "Maggi Fix Pasta Funghi 36G",
            "ItemPrice": "1,19€",
            "ItemUnit": "33,06€/kg",
            "local_image_path": "Lebensmittel/Soßen/maggi_fix_pasta_funghi_36g.jpg"
          },
          {
            "image_urls": [
              "https://www.edeka24.de/out/pictures/generated/product/1/224_224_90/maggikrutrsauce.jpg"
            ],
            "ItemTitle": "Maggi Für Genießer Kräuter Sauce ergibt 250ML",
            "ItemPrice": "1,29€",
            "ItemUnit": "5,16€/l",
            "local_image_path": "Wein/ Spirituosen/Spirituosen/highland_park_18_jahre_single_malt_whisky.jpg"
          },
          {
            "image_urls": [
              "https://www.edeka24.de/out/pictures/generated/product/1/224_224_90/englertlamm-jus(1).jpg"
            ],
            "ItemTitle": "Englert Lamm-Jus 200ML",
            "ItemPrice": "2,19€",
            "ItemUnit": "10,95€/l",
            "local_image_path": "Wein/ Spirituosen/Spirituosen/highland_park_18_jahre_single_malt_whisky.jpg"
          },
          {
            "image_urls": [
              "https://www.edeka24.de/out/pictures/generated/product/1/224_224_90/fuego_guacamole_dip_200ml.jpg"
            ],
            "ItemTitle": "Fuego Guacamole Dip 200ML",
            "ItemPrice": "3,49€",
            "ItemUnit": "17,45€/l",
            "local_image_path": "Wein/ Spirituosen/Spirituosen/highland_park_18_jahre_single_malt_whisky.jpg"
          },
          {
            "image_urls": [
              "https://www.edeka24.de/out/pictures/generated/product/1/224_224_90/miavia_demeter_sugo_alla_bolognese_tomatensauce_mit_fleisch_330g.jpg"
            ],
            "ItemTitle": "Miavia Demeter Sugo alla Bolognese Tomatensauce mit Fleisch 330G",
            "ItemPrice": "4,79€",
            "ItemUnit": "14,52€/kg",
            "local_image_path": "Wein/ Spirituosen/Spirituosen/highland_park_18_jahre_single_malt_whisky.jpg"
          },
          {
            "image_urls": [
              "https://www.edeka24.de/out/pictures/generated/product/1/224_224_90/buleyestesau.jpg"
            ],
            "ItemTitle": "Heinz Bulls-Eye New York Style Steakhouse BBQ Sauce 300ML",
            "ItemPrice": "4,49€",
            "ItemUnit": "14,97€/l",
            "local_image_path": "Wein/ Spirituosen/Spirituosen/highland_park_18_jahre_single_malt_whisky.jpg"
          },
          {
            "image_urls": [
              "https://www.edeka24.de/out/pictures/generated/product/1/224_224_90/hellmann039s_avocadoampamplime_sauce_250ml.jpg"
            ],
            "ItemTitle": "Hellmann's Avocado & Lime Style Sauce 250ML",
            "ItemPrice": "2,49€",
            "ItemUnit": "9,96€/l",
            "local_image_path": "Wein/ Spirituosen/Spirituosen/highland_park_18_jahre_single_malt_whisky.jpg"
          },
          {
            "image_urls": [
              "https://www.edeka24.de/out/pictures/generated/product/1/224_224_90/herr_edelmann_basilikumpesto_mit_hanfsamen_190g.jpg"
            ],
            "ItemTitle": "Herr Edelmann Pesto Hanf-Basilikum 190G",
            "ItemPrice": "2,89€",
            "ItemUnit": "15,21€/kg",
            "local_image_path": "Wein/ Spirituosen/Spirituosen/highland_park_18_jahre_single_malt_whisky.jpg"
          },
          {
            "image_urls": [
              "https://www.edeka24.de/out/pictures/generated/product/1/224_224_90/barilla_bolognese_soja_vegan_195g.jpg"
            ],
            "ItemTitle": "Barilla Bolognese Soja Vegan 195G",
            "ItemPrice": "4,29€",
            "ItemUnit": "22,00€/kg",
            "local_image_path": "Wein/ Spirituosen/Spirituosen/highland_park_18_jahre_single_malt_whisky.jpg"
          },
          {
            "image_urls": [
              "https://www.edeka24.de/out/pictures/generated/product/1/224_224_90/knorr_schlemmersauce_barbecue_mit_honig_250ml.jpg"
            ],
            "ItemTitle": "Knorr Barbecue Sauce 250ML",
            "ItemPrice": "1,59€",
            "ItemUnit": "6,36€/l",
            "local_image_path": "Wein/ Spirituosen/Spirituosen/highland_park_18_jahre_single_malt_whisky.jpg"
          },
          {
            "image_urls": [
              "https://www.edeka24.de/out/pictures/generated/product/1/224_224_90/maggi_fr_genieer_jger_rahmsauce_ergibt_250_ml.jpg"
            ],
            "ItemTitle": "Maggi Für Genießer Jäger Rahmsauce ergibt 250ML",
            "ItemPrice": "1,29€",
            "ItemUnit": "5,16€/l",
            "local_image_path": "Wein/ Spirituosen/Spirituosen/highland_park_18_jahre_single_malt_whisky.jpg"
          },
          {
            "image_urls": [
              "https://www.edeka24.de/out/pictures/generated/product/1/224_224_90/demeter_miavia_sugo_basilico_tomatensauce_mit_basilikum_330g.jpg"
            ],
            "ItemTitle": "Miavia Demeter Sugo Basilico Tomatensauce mit Basilikum 330G",
            "ItemPrice": "3,29€",
            "ItemUnit": "9,97€/kg",
            "local_image_path": "Wein/ Spirituosen/Spirituosen/highland_park_18_jahre_single_malt_whisky.jpg"
          },
          {
            "image_urls": [
              "https://www.edeka24.de/out/pictures/generated/product/1/224_224_90/knorr_fix_china_pfanne_36g.jpg"
            ],
            "ItemTitle": "Knorr Fix China Pfanne Chop Suey 36G",
            "ItemPrice": "1,09€",
            "ItemUnit": "30,28€/kg",
            "local_image_path": "Wein/ Spirituosen/Spirituosen/highland_park_18_jahre_single_malt_whisky.jpg"
          },
          {
            "image_urls": [
              "https://www.edeka24.de/out/pictures/generated/product/1/224_224_90/knorr_feinschmecker_rahmsauce_zu_braten_36_g.jpg"
            ],
            "ItemTitle": "Knorr Feinschmecker Rahmsauce zu Braten ergibt 250ML",
            "ItemPrice": "1,29€",
            "ItemUnit": "5,16€/l",
            "local_image_path": "Wein/ Spirituosen/Spirituosen/highland_park_18_jahre_single_malt_whisky.jpg"
          },
          {
            "image_urls": [
              "https://www.edeka24.de/out/pictures/generated/product/1/224_224_90/maggi_fix_chili_con_carne_33g.jpg"
            ],
            "ItemTitle": "Maggi Fix Chili Con Carne 33G",
            "ItemPrice": "1,19€",
            "ItemUnit": "36,06€/kg",
            "local_image_path": "Wein/ Spirituosen/Spirituosen/highland_park_18_jahre_single_malt_whisky.jpg"
          },
          {
            "image_urls": [
              "https://www.edeka24.de/out/pictures/generated/product/1/224_224_90/bertolli_sauce_basilico_400g.jpg"
            ],
            "ItemTitle": "Bertolli Sauce Basilico 400G",
            "ItemPrice": "2,99€",
            "ItemUnit": "7,48€/kg",
            "local_image_path": "Wein/ Spirituosen/Spirituosen/highland_park_18_jahre_single_malt_whisky.jpg"
          },
          {
            "image_urls": [
              "https://www.edeka24.de/out/pictures/generated/product/1/224_224_90/maggi_idee_fr_ofenspirelli_alla_mamma_43_g.jpg"
            ],
            "ItemTitle": "Maggi Ofen-Spirelli Alla Mamma 43G",
            "ItemPrice": "1,19€",
            "ItemUnit": "27,67€/kg",
            "local_image_path": "Wein/ Spirituosen/Spirituosen/highland_park_18_jahre_single_malt_whisky.jpg"
          },
          {
            "image_urls": [
              "https://www.edeka24.de/out/pictures/generated/product/1/224_224_90/edeka_genussmomente_geflamp252gelfond_400ml.jpg"
            ],
            "ItemTitle": "EDEKA Genussmomente Geflügelfond 400ML",
            "ItemPrice": "2,29€",
            "ItemUnit": "5,73€/l",
            "local_image_path": "Wein/ Spirituosen/Spirituosen/highland_park_18_jahre_single_malt_whisky.jpg"
          },
          {
            "image_urls": [
              "https://www.edeka24.de/out/pictures/generated/product/1/224_224_90/papa_joe039s_bbqsauce_300ml.jpg"
            ],
            "ItemTitle": "Papa Joe's BBQ Sauce 300ML",
            "ItemPrice": "2,19€",
            "ItemUnit": "7,30€/l",
            "local_image_path": "Wein/ Spirituosen/Spirituosen/highland_park_18_jahre_single_malt_whisky.jpg"
          },
          {
            "image_urls": [
              "https://www.edeka24.de/out/pictures/generated/product/1/224_224_90/maggi_food_travel_fix_pad_thai_nudeln_26g.jpg"
            ],
            "ItemTitle": "Maggi Food Travel Pad Thai Nudeln 26G",
            "ItemPrice": "1,19€",
            "ItemUnit": "45,77€/kg",
            "local_image_path": "Lebensmittel/Soßen/maggi_food_travel_fix_pad_thai_nudeln_26g.jpg"
          },
          {
            "image_urls": [
              "https://www.edeka24.de/out/pictures/generated/product/1/224_224_90/llknoforind.jpg"
            ],
            "ItemTitle": "Little Lunch Bio Rind Knochen-Fond 400ML",
            "ItemPrice": "3,29€",
            "ItemUnit": "8,23€/l",
            "local_image_path": "Wein/ Spirituosen/Spirituosen/highland_park_18_jahre_single_malt_whisky.jpg"
          },
          {
            "image_urls": [
              "https://www.edeka24.de/out/pictures/generated/product/1/224_224_90/maggi_fix_paprika_sahne_hhnchen_31g.jpg"
            ],
            "ItemTitle": "Maggi Paprika Sahne Hähnchen 31G",
            "ItemPrice": "1,19€",
            "ItemUnit": "38,39€/kg",
            "local_image_path": "Wein/ Spirituosen/Spirituosen/highland_park_18_jahre_single_malt_whisky.jpg"
          },
          {
            "image_urls": [
              "https://www.edeka24.de/out/pictures/generated/product/1/224_224_90/bio_ppura_pesto_rosso_mit_35_getrockneten_tomaten_120g.jpg"
            ],
            "ItemTitle": "PPURA Bio Pesto Rosso 120G",
            "ItemPrice": "3,99€",
            "ItemUnit": "33,25€/kg",
            "local_image_path": "Wein/ Spirituosen/Spirituosen/highland_park_18_jahre_single_malt_whisky.jpg"
          },
          {
            "image_urls": [
              "https://www.edeka24.de/out/pictures/generated/product/1/224_224_90/flygchilissrirscharf_455ml.jpg"
            ],
            "ItemTitle": "Flying Goose Sriracha Scharfe Chili-Sauce 455ML",
            "ItemPrice": "5,29€",
            "ItemUnit": "11,63€/l",
            "local_image_path": "Lebensmittel/Internationales/flygchilissrirscharf_455ml.jpg"
          },
          {
            "image_urls": [
              "https://www.edeka24.de/out/pictures/generated/product/1/224_224_90/englertgeflgel-jus.jpg"
            ],
            "ItemTitle": "Englert Geflügel-Jus 200ML",
            "ItemPrice": "2,19€",
            "ItemUnit": "10,95€/l",
            "local_image_path": "Wein/ Spirituosen/Spirituosen/highland_park_18_jahre_single_malt_whisky.jpg"
          },
          {
            "image_urls": [
              "https://www.edeka24.de/out/pictures/generated/product/1/224_224_90/buleyeorig.jpg"
            ],
            "ItemTitle": "Heinz Bulls-Eye Original BBQ Sauce 300ML",
            "ItemPrice": "4,49€",
            "ItemUnit": "14,97€/l",
            "local_image_path": "Lebensmittel/Soßen/buleyeorig.jpg"
          },
          {
            "image_urls": [
              "https://www.edeka24.de/out/pictures/generated/product/1/224_224_90/mafix_blumenkohl_gratin_51g.jpg"
            ],
            "ItemTitle": "Maggi Blumenkohl-Kartoffel-Gratin 51G",
            "ItemPrice": "1,19€",
            "ItemUnit": "23,33€/kg",
            "local_image_path": "Wein/ Spirituosen/Spirituosen/highland_park_18_jahre_single_malt_whisky.jpg"
          },
          {
            "image_urls": [
              "https://www.edeka24.de/out/pictures/generated/product/1/224_224_90/helatomket.jpg"
            ],
            "ItemTitle": "Hela Original Tomaten Ketchup 300ML",
            "ItemPrice": "2,89€",
            "ItemUnit": "9,63€/l",
            "local_image_path": "Wein/ Spirituosen/Spirituosen/highland_park_18_jahre_single_malt_whisky.jpg"
          },
          {
            "image_urls": [
              "https://www.edeka24.de/out/pictures/generated/product/1/224_224_90/herr_edelmann_pesto_genovese_tradizionale_italiano_190g.jpg"
            ],
            "ItemTitle": "Herr Edelmann Pesto Genovese 190G",
            "ItemPrice": "2,29€",
            "ItemUnit": "12,05€/kg",
            "local_image_path": "Wein/ Spirituosen/Spirituosen/highland_park_18_jahre_single_malt_whisky.jpg"
          },
          {
            "image_urls": [
              "https://www.edeka24.de/out/pictures/generated/product/1/224_224_90/edeka_genussmomente_gemamp252sefond_400ml.jpg"
            ],
            "ItemTitle": "EDEKA Genussmomente Gemüsefond 400ML",
            "ItemPrice": "2,29€",
            "ItemUnit": "5,73€/l",
            "local_image_path": "Lebensmittel/Soßen/edeka_genussmomente_gemamp252sefond_400ml.jpg"
          },
          {
            "image_urls": [
              "https://www.edeka24.de/out/pictures/generated/product/1/224_224_90/maggi_fix_pasta_funghi_36g.jpg"
            ],
            "ItemTitle": "Maggi Fix Pasta Funghi 36G",
            "ItemPrice": "1,19€",
            "ItemUnit": "33,06€/kg",
            "local_image_path": "Lebensmittel/Soßen/maggi_fix_pasta_funghi_36g.jpg"
          },
          {
            "image_urls": [
              "https://www.edeka24.de/out/pictures/generated/product/1/224_224_90/maggikrutrsauce.jpg"
            ],
            "ItemTitle": "Maggi Für Genießer Kräuter Sauce ergibt 250ML",
            "ItemPrice": "1,29€",
            "ItemUnit": "5,16€/l",
            "local_image_path": "Wein/ Spirituosen/Spirituosen/highland_park_18_jahre_single_malt_whisky.jpg"
          },
          {
            "image_urls": [
              "https://www.edeka24.de/out/pictures/generated/product/1/224_224_90/englertlamm-jus(1).jpg"
            ],
            "ItemTitle": "Englert Lamm-Jus 200ML",
            "ItemPrice": "2,19€",
            "ItemUnit": "10,95€/l",
            "local_image_path": "Wein/ Spirituosen/Spirituosen/highland_park_18_jahre_single_malt_whisky.jpg"
          },
          {
            "image_urls": [
              "https://www.edeka24.de/out/pictures/generated/product/1/224_224_90/fuego_guacamole_dip_200ml.jpg"
            ],
            "ItemTitle": "Fuego Guacamole Dip 200ML",
            "ItemPrice": "3,49€",
            "ItemUnit": "17,45€/l",
            "local_image_path": "Wein/ Spirituosen/Spirituosen/highland_park_18_jahre_single_malt_whisky.jpg"
          },
          {
            "image_urls": [
              "https://www.edeka24.de/out/pictures/generated/product/1/224_224_90/miavia_demeter_sugo_alla_bolognese_tomatensauce_mit_fleisch_330g.jpg"
            ],
            "ItemTitle": "Miavia Demeter Sugo alla Bolognese Tomatensauce mit Fleisch 330G",
            "ItemPrice": "4,79€",
            "ItemUnit": "14,52€/kg",
            "local_image_path": "Wein/ Spirituosen/Spirituosen/highland_park_18_jahre_single_malt_whisky.jpg"
          },
          {
            "image_urls": [
              "https://www.edeka24.de/out/pictures/generated/product/1/224_224_90/buleyestesau.jpg"
            ],
            "ItemTitle": "Heinz Bulls-Eye New York Style Steakhouse BBQ Sauce 300ML",
            "ItemPrice": "4,49€",
            "ItemUnit": "14,97€/l",
            "local_image_path": "Wein/ Spirituosen/Spirituosen/highland_park_18_jahre_single_malt_whisky.jpg"
          },
          {
            "image_urls": [
              "https://www.edeka24.de/out/pictures/generated/product/1/224_224_90/hellmann039s_avocadoampamplime_sauce_250ml.jpg"
            ],
            "ItemTitle": "Hellmann's Avocado & Lime Style Sauce 250ML",
            "ItemPrice": "2,49€",
            "ItemUnit": "9,96€/l",
            "local_image_path": "Wein/ Spirituosen/Spirituosen/highland_park_18_jahre_single_malt_whisky.jpg"
          },
          {
            "image_urls": [
              "https://www.edeka24.de/out/pictures/generated/product/1/224_224_90/herr_edelmann_basilikumpesto_mit_hanfsamen_190g.jpg"
            ],
            "ItemTitle": "Herr Edelmann Pesto Hanf-Basilikum 190G",
            "ItemPrice": "2,89€",
            "ItemUnit": "15,21€/kg",
            "local_image_path": "Wein/ Spirituosen/Spirituosen/highland_park_18_jahre_single_malt_whisky.jpg"
          },
          {
            "image_urls": [
              "https://www.edeka24.de/out/pictures/generated/product/1/224_224_90/barilla_bolognese_soja_vegan_195g.jpg"
            ],
            "ItemTitle": "Barilla Bolognese Soja Vegan 195G",
            "ItemPrice": "4,29€",
            "ItemUnit": "22,00€/kg",
            "local_image_path": "Wein/ Spirituosen/Spirituosen/highland_park_18_jahre_single_malt_whisky.jpg"
          },
          {
            "image_urls": [
              "https://www.edeka24.de/out/pictures/generated/product/1/224_224_90/knorr_schlemmersauce_barbecue_mit_honig_250ml.jpg"
            ],
            "ItemTitle": "Knorr Barbecue Sauce 250ML",
            "ItemPrice": "1,59€",
            "ItemUnit": "6,36€/l",
            "local_image_path": "Wein/ Spirituosen/Spirituosen/highland_park_18_jahre_single_malt_whisky.jpg"
          },
          {
            "image_urls": [
              "https://www.edeka24.de/out/pictures/generated/product/1/224_224_90/maggi_fr_genieer_jger_rahmsauce_ergibt_250_ml.jpg"
            ],
            "ItemTitle": "Maggi Für Genießer Jäger Rahmsauce ergibt 250ML",
            "ItemPrice": "1,29€",
            "ItemUnit": "5,16€/l",
            "local_image_path": "Wein/ Spirituosen/Spirituosen/highland_park_18_jahre_single_malt_whisky.jpg"
          },
          {
            "image_urls": [
              "https://www.edeka24.de/out/pictures/generated/product/1/224_224_90/demeter_miavia_sugo_basilico_tomatensauce_mit_basilikum_330g.jpg"
            ],
            "ItemTitle": "Miavia Demeter Sugo Basilico Tomatensauce mit Basilikum 330G",
            "ItemPrice": "3,29€",
            "ItemUnit": "9,97€/kg",
            "local_image_path": "Wein/ Spirituosen/Spirituosen/highland_park_18_jahre_single_malt_whisky.jpg"
          },
          {
            "image_urls": [
              "https://www.edeka24.de/out/pictures/generated/product/1/224_224_90/knorr_fix_china_pfanne_36g.jpg"
            ],
            "ItemTitle": "Knorr Fix China Pfanne Chop Suey 36G",
            "ItemPrice": "1,09€",
            "ItemUnit": "30,28€/kg",
            "local_image_path": "Wein/ Spirituosen/Spirituosen/highland_park_18_jahre_single_malt_whisky.jpg"
          },
          {
            "image_urls": [
              "https://www.edeka24.de/out/pictures/generated/product/1/224_224_90/knorr_feinschmecker_rahmsauce_zu_braten_36_g.jpg"
            ],
            "ItemTitle": "Knorr Feinschmecker Rahmsauce zu Braten ergibt 250ML",
            "ItemPrice": "1,29€",
            "ItemUnit": "5,16€/l",
            "local_image_path": "Wein/ Spirituosen/Spirituosen/highland_park_18_jahre_single_malt_whisky.jpg"
          },
          {
            "image_urls": [
              "https://www.edeka24.de/out/pictures/generated/product/1/224_224_90/maggi_fix_chili_con_carne_33g.jpg"
            ],
            "ItemTitle": "Maggi Fix Chili Con Carne 33G",
            "ItemPrice": "1,19€",
            "ItemUnit": "36,06€/kg",
            "local_image_path": "Wein/ Spirituosen/Spirituosen/highland_park_18_jahre_single_malt_whisky.jpg"
          },
          {
            "image_urls": [
              "https://www.edeka24.de/out/pictures/generated/product/1/224_224_90/bertolli_sauce_basilico_400g.jpg"
            ],
            "ItemTitle": "Bertolli Sauce Basilico 400G",
            "ItemPrice": "2,99€",
            "ItemUnit": "7,48€/kg",
            "local_image_path": "Wein/ Spirituosen/Spirituosen/highland_park_18_jahre_single_malt_whisky.jpg"
          },
          {
            "image_urls": [
              "https://www.edeka24.de/out/pictures/generated/product/1/224_224_90/maggi_idee_fr_ofenspirelli_alla_mamma_43_g.jpg"
            ],
            "ItemTitle": "Maggi Ofen-Spirelli Alla Mamma 43G",
            "ItemPrice": "1,19€",
            "ItemUnit": "27,67€/kg",
            "local_image_path": "Wein/ Spirituosen/Spirituosen/highland_park_18_jahre_single_malt_whisky.jpg"
          },
          {
            "image_urls": [
              "https://www.edeka24.de/out/pictures/generated/product/1/224_224_90/edeka_genussmomente_geflamp252gelfond_400ml.jpg"
            ],
            "ItemTitle": "EDEKA Genussmomente Geflügelfond 400ML",
            "ItemPrice": "2,29€",
            "ItemUnit": "5,73€/l",
            "local_image_path": "Wein/ Spirituosen/Spirituosen/highland_park_18_jahre_single_malt_whisky.jpg"
          },
          {
            "image_urls": [
              "https://www.edeka24.de/out/pictures/generated/product/1/224_224_90/papa_joe039s_bbqsauce_300ml.jpg"
            ],
            "ItemTitle": "Papa Joe's BBQ Sauce 300ML",
            "ItemPrice": "2,19€",
            "ItemUnit": "7,30€/l",
            "local_image_path": "Wein/ Spirituosen/Spirituosen/highland_park_18_jahre_single_malt_whisky.jpg"
          },
          {
            "image_urls": [
              "https://www.edeka24.de/out/pictures/generated/product/1/224_224_90/maggi_food_travel_fix_pad_thai_nudeln_26g.jpg"
            ],
            "ItemTitle": "Maggi Food Travel Pad Thai Nudeln 26G",
            "ItemPrice": "1,19€",
            "ItemUnit": "45,77€/kg",
            "local_image_path": "Lebensmittel/Soßen/maggi_food_travel_fix_pad_thai_nudeln_26g.jpg"
          },
          {
            "image_urls": [
              "https://www.edeka24.de/out/pictures/generated/product/1/224_224_90/llknoforind.jpg"
            ],
            "ItemTitle": "Little Lunch Bio Rind Knochen-Fond 400ML",
            "ItemPrice": "3,29€",
            "ItemUnit": "8,23€/l",
            "local_image_path": "Wein/ Spirituosen/Spirituosen/highland_park_18_jahre_single_malt_whisky.jpg"
          },
          {
            "image_urls": [
              "https://www.edeka24.de/out/pictures/generated/product/1/224_224_90/maggi_fix_paprika_sahne_hhnchen_31g.jpg"
            ],
            "ItemTitle": "Maggi Paprika Sahne Hähnchen 31G",
            "ItemPrice": "1,19€",
            "ItemUnit": "38,39€/kg",
            "local_image_path": "Wein/ Spirituosen/Spirituosen/highland_park_18_jahre_single_malt_whisky.jpg"
          },
          {
            "image_urls": [
              "https://www.edeka24.de/out/pictures/generated/product/1/224_224_90/bio_ppura_pesto_rosso_mit_35_getrockneten_tomaten_120g.jpg"
            ],
            "ItemTitle": "PPURA Bio Pesto Rosso 120G",
            "ItemPrice": "3,99€",
            "ItemUnit": "33,25€/kg",
            "local_image_path": "Wein/ Spirituosen/Spirituosen/highland_park_18_jahre_single_malt_whisky.jpg"
          },
          {
            "image_urls": [
              "https://www.edeka24.de/out/pictures/generated/product/1/224_224_90/flygchilissrirscharf_455ml.jpg"
            ],
            "ItemTitle": "Flying Goose Sriracha Scharfe Chili-Sauce 455ML",
            "ItemPrice": "5,29€",
            "ItemUnit": "11,63€/l",
            "local_image_path": "Lebensmittel/Internationales/flygchilissrirscharf_455ml.jpg"
          },
          {
            "image_urls": [
              "https://www.edeka24.de/out/pictures/generated/product/1/224_224_90/englertgeflgel-jus.jpg"
            ],
            "ItemTitle": "Englert Geflügel-Jus 200ML",
            "ItemPrice": "2,19€",
            "ItemUnit": "10,95€/l",
            "local_image_path": "Wein/ Spirituosen/Spirituosen/highland_park_18_jahre_single_malt_whisky.jpg"
          },
          {
            "image_urls": [
              "https://www.edeka24.de/out/pictures/generated/product/1/224_224_90/buleyeorig.jpg"
            ],
            "ItemTitle": "Heinz Bulls-Eye Original BBQ Sauce 300ML",
            "ItemPrice": "4,49€",
            "ItemUnit": "14,97€/l",
            "local_image_path": "Lebensmittel/Soßen/buleyeorig.jpg"
          },
          {
            "image_urls": [
              "https://www.edeka24.de/out/pictures/generated/product/1/224_224_90/mafix_blumenkohl_gratin_51g.jpg"
            ],
            "ItemTitle": "Maggi Blumenkohl-Kartoffel-Gratin 51G",
            "ItemPrice": "1,19€",
            "ItemUnit": "23,33€/kg",
            "local_image_path": "Wein/ Spirituosen/Spirituosen/highland_park_18_jahre_single_malt_whisky.jpg"
          },
          {
            "image_urls": [
              "https://www.edeka24.de/out/pictures/generated/product/1/224_224_90/helatomket.jpg"
            ],
            "ItemTitle": "Hela Original Tomaten Ketchup 300ML",
            "ItemPrice": "2,89€",
            "ItemUnit": "9,63€/l",
            "local_image_path": "Wein/ Spirituosen/Spirituosen/highland_park_18_jahre_single_malt_whisky.jpg"
          },
          {
            "image_urls": [
              "https://www.edeka24.de/out/pictures/generated/product/1/224_224_90/herr_edelmann_pesto_genovese_tradizionale_italiano_190g.jpg"
            ],
            "ItemTitle": "Herr Edelmann Pesto Genovese 190G",
            "ItemPrice": "2,29€",
            "ItemUnit": "12,05€/kg",
            "local_image_path": "Wein/ Spirituosen/Spirituosen/highland_park_18_jahre_single_malt_whisky.jpg"
          },
          {
            "image_urls": [
              "https://www.edeka24.de/out/pictures/generated/product/1/224_224_90/edeka_genussmomente_gemamp252sefond_400ml.jpg"
            ],
            "ItemTitle": "EDEKA Genussmomente Gemüsefond 400ML",
            "ItemPrice": "2,29€",
            "ItemUnit": "5,73€/l",
            "local_image_path": "Lebensmittel/Soßen/edeka_genussmomente_gemamp252sefond_400ml.jpg"
          },
          {
            "image_urls": [
              "https://www.edeka24.de/out/pictures/generated/product/1/224_224_90/knorr_natrlich_lecker_spaghetti_bolognese_38g.jpg"
            ],
            "ItemTitle": "Knorr Natürlich Lecker Spaghetti Bolognese 38G",
            "ItemPrice": "1,19€",
            "ItemUnit": "31,32€/kg",
            "local_image_path": "Lebensmittel/Soßen/knorr_natrlich_lecker_spaghetti_bolognese_38g.jpg"
          },
          {
            "image_urls": [
              "https://www.edeka24.de/out/pictures/generated/product/1/224_224_90/madeveggieknobmed(1).jpg"
            ],
            "ItemTitle": "Kühne Made for Veggies Knoblauch Mediterran 235ML",
            "ItemPrice": "2,19€",
            "ItemUnit": "9,32€/l",
            "local_image_path": "Wein/ Spirituosen/Spirituosen/highland_park_18_jahre_single_malt_whisky.jpg"
          },
          {
            "image_urls": [
              "https://www.edeka24.de/out/pictures/generated/product/1/224_224_90/gustibus_tomatensauce_aus_gelben_kirschtomaten_330g.jpg"
            ],
            "ItemTitle": "Gustibus Tomatensauce aus gelben Kirschtomaten 330G",
            "ItemPrice": "2,69€",
            "ItemUnit": "8,15€/kg",
            "local_image_path": "Wein/ Spirituosen/Spirituosen/highland_park_18_jahre_single_malt_whisky.jpg"
          },
          {
            "image_urls": [
              "https://www.edeka24.de/out/pictures/generated/product/1/224_224_90/barilla_pesto_pistacchio_190g.jpg"
            ],
            "ItemTitle": "Barilla Pesto Basilico E Pistacchio 190G",
            "ItemPrice": "3,69€",
            "ItemUnit": "19,42€/kg",
            "local_image_path": "Wein/ Spirituosen/Spirituosen/highland_park_18_jahre_single_malt_whisky.jpg"
          },
          {
            "image_urls": [
              "https://www.edeka24.de/out/pictures/generated/product/1/224_224_90/khne_mittelscharfer_senf_im_glas(1).jpg"
            ],
            "ItemTitle": "Kühne Senf mittelscharf im Glas 250ML",
            "ItemPrice": "1,89€",
            "ItemUnit": "7,56€/l",
            "local_image_path": "Lebensmittel/Soßen/khne_mittelscharfer_senf_im_glas(1).jpg"
          },
          {
            "image_urls": [
              "https://www.edeka24.de/out/pictures/generated/product/1/224_224_90/barillapesto_premium_135g.jpg"
            ],
            "ItemTitle": "Barilla Pesto Con Basilico Genovese DOP 135G",
            "ItemPrice": "5,49€",
            "ItemUnit": "40,67€/kg",
            "local_image_path": "Lebensmittel/Soßen/barillapesto_premium_135g.jpg"
          },
          {
            "image_urls": [
              "https://www.edeka24.de/out/pictures/generated/product/1/224_224_90/khne_gartenkruter_dressing_laktosefrei_500_ml.jpg"
            ],
            "ItemTitle": "Kühne Gartenkräuter Dressing Laktosefrei 500ML",
            "ItemPrice": "2,69€",
            "ItemUnit": "5,38€/l",
            "local_image_path": "Lebensmittel/Soßen/khne_gartenkruter_dressing_laktosefrei_500_ml.jpg"
          },
          {
            "image_urls": [
              "https://www.edeka24.de/out/pictures/generated/product/1/224_224_90/maggi_fix_rahm_champignons_36g.jpg"
            ],
            "ItemTitle": "Maggi Fix Rahm Champignons 36G",
            "ItemPrice": "1,19€",
            "ItemUnit": "33,06€/kg",
            "local_image_path": "Lebensmittel/Soßen/maggi_fix_rahm_champignons_36g.jpg"
          },
          {
            "image_urls": [
              "https://www.edeka24.de/out/pictures/generated/product/1/224_224_90/kfspitzkohlpfanne.jpg"
            ],
            "ItemTitle": "Knorr Fix Spitzkohl Pfanne 36G",
            "ItemPrice": "1,09€",
            "ItemUnit": "30,28€/kg",
            "local_image_path": "Wein/ Spirituosen/Spirituosen/highland_park_18_jahre_single_malt_whisky.jpg"
          },
          {
            "image_urls": [
              "https://www.edeka24.de/out/pictures/generated/product/1/224_224_90/oroparmabiostckig.jpg"
            ],
            "ItemTitle": "Oro di Parma Bio Tomaten stückig 400G",
            "ItemPrice": "2,29€",
            "ItemUnit": "5,73€/kg",
            "local_image_path": "Wein/ Spirituosen/Spirituosen/highland_park_18_jahre_single_malt_whisky.jpg"
          },
          {
            "image_urls": [
              "https://www.edeka24.de/out/pictures/generated/product/1/224_224_90/alanaturasugotoscana.jpg"
            ],
            "ItemTitle": "Alnatura Origin Bio Tomatensauce Sugo Toscano 325ML",
            "ItemPrice": "2,69€",
            "ItemUnit": "8,28€/l",
            "local_image_path": "Bio-Produkte/Lebensmittel von Alnatura/alanaturasugotoscana.jpg"
          },
          {
            "image_urls": [
              "https://www.edeka24.de/out/pictures/generated/product/1/224_224_90/kamp252hne_natamp252rlich_gut_joghurt_wildkramp228uter_250ml.jpg"
            ],
            "ItemTitle": "Kühne Natürlich Gut Joghurt Wildkräuter Dressing 250ML",
            "ItemPrice": "2,69€",
            "ItemUnit": "10,76€/l",
            "local_image_path": "Wein/ Spirituosen/Spirituosen/highland_park_18_jahre_single_malt_whisky.jpg"
          },
          {
            "image_urls": [
              "https://www.edeka24.de/out/pictures/generated/product/1/224_224_90/barilla_pesto_rustico_mediterraneo_200_g.jpg"
            ],
            "ItemTitle": "Barilla Pesto Rustico Mediterraneo 200G",
            "ItemPrice": "3,69€",
            "ItemUnit": "18,45€/kg",
            "local_image_path": "Wein/ Spirituosen/Spirituosen/highland_park_18_jahre_single_malt_whisky.jpg"
          },
          {
            "image_urls": [
              "https://www.edeka24.de/out/pictures/generated/product/1/224_224_90/24079679_digital-image_400x.png"
            ],
            "ItemTitle": "Lacroix Pilz-Paste 40G",
            "ItemPrice": "1,49€",
            "ItemUnit": "37,25€/kg",
            "local_image_path": "Wein/ Spirituosen/Spirituosen/highland_park_18_jahre_single_malt_whisky.jpg"
          },
          {
            "image_urls": [
              "https://www.edeka24.de/out/pictures/generated/product/1/224_224_90/oro_di_parma_basis_fr_pastasauce_classico_400g.jpg"
            ],
            "ItemTitle": "Oro di Parma Basis für Pastasauce Classico 400G",
            "ItemPrice": "2,29€",
            "ItemUnit": "5,73€/kg",
            "local_image_path": "Wein/ Spirituosen/Spirituosen/highland_park_18_jahre_single_malt_whisky.jpg"
          },
          {
            "image_urls": [
              "https://www.edeka24.de/out/pictures/generated/product/1/224_224_90/knorrnatzutccc.jpg"
            ],
            "ItemTitle": "Knorr Natürlich Lecker Chili Con Carne 47G",
            "ItemPrice": "1,19€",
            "ItemUnit": "25,32€/kg",
            "local_image_path": "Wein/ Spirituosen/Spirituosen/highland_park_18_jahre_single_malt_whisky.jpg"
          },
          {
            "image_urls": [
              "https://www.edeka24.de/out/pictures/generated/product/1/224_224_90/de_cesare_balsamico_senf.jpg"
            ],
            "ItemTitle": "De Cesare Balsamico Senf 200G",
            "ItemPrice": "2,49€",
            "ItemUnit": "12,45€/kg",
            "local_image_path": "Wein/ Spirituosen/Spirituosen/highland_park_18_jahre_single_malt_whisky.jpg"
          },
          {
            "image_urls": [
              "https://www.edeka24.de/out/pictures/generated/product/1/224_224_90/maggi_sauce_zu_braten_ergibt_3l.jpg"
            ],
            "ItemTitle": "Maggi Sauce zu Braten ergibt 3L",
            "ItemPrice": "3,79€",
            "ItemUnit": "1,26€/l",
            "local_image_path": "Wein/ Spirituosen/Spirituosen/highland_park_18_jahre_single_malt_whisky.jpg"
          },
          {
            "image_urls": [
              "https://www.edeka24.de/out/pictures/generated/product/1/224_224_90/llknofogef.jpg"
            ],
            "ItemTitle": "Little Lunch Bio Geflügel Knochen-Fond 400ML",
            "ItemPrice": "3,29€",
            "ItemUnit": "8,23€/l",
            "local_image_path": "Wein/ Spirituosen/Spirituosen/highland_park_18_jahre_single_malt_whisky.jpg"
          },
          {
            "image_urls": [
              "https://www.edeka24.de/out/pictures/generated/product/1/224_224_90/maggi_fr_genieer_sauce_hollandaise_ergibt_250ml.jpg"
            ],
            "ItemTitle": "Maggi Für Genießer Sauce Hollandaise ergibt 250ML",
            "ItemPrice": "1,29€",
            "ItemUnit": "5,16€/l",
            "local_image_path": "Wein/ Spirituosen/Spirituosen/highland_park_18_jahre_single_malt_whisky.jpg"
          },
          {
            "image_urls": [
              "https://www.edeka24.de/out/pictures/generated/product/1/224_224_90/knorr_fix_fr_krutersahne_hhnchen(1).jpg"
            ],
            "ItemTitle": "Knorr Fix für Kräuter-Sahne Hähnchen 28G",
            "ItemPrice": "1,09€",
            "ItemUnit": "38,93€/kg",
            "local_image_path": "Wein/ Spirituosen/Spirituosen/highland_park_18_jahre_single_malt_whisky.jpg"
          },
          {
            "image_urls": [
              "https://www.edeka24.de/out/pictures/generated/product/1/224_224_90/maggi_fix_paprika_rahm_schnitzel_35g.jpg"
            ],
            "ItemTitle": "Maggi Paprika-Rahm Schnitzel 35G",
            "ItemPrice": "1,19€",
            "ItemUnit": "34,00€/kg",
            "local_image_path": "Wein/ Spirituosen/Spirituosen/highland_park_18_jahre_single_malt_whisky.jpg"
          },
          {
            "image_urls": [
              "https://www.edeka24.de/out/pictures/generated/product/1/224_224_90/hellmannbbq.jpg"
            ],
            "ItemTitle": "Hellmann's BBQ Sauce 250ML",
            "ItemPrice": "2,49€",
            "ItemUnit": "9,96€/l",
            "local_image_path": "Wein/ Spirituosen/Spirituosen/highland_park_18_jahre_single_malt_whisky.jpg"
          },
          {
            "image_urls": [
              "https://www.edeka24.de/out/pictures/generated/product/1/224_224_90/alanaturasugobasilico.jpg"
            ],
            "ItemTitle": "Alnatura Origin Bio Tomatensauce Sugo Basilico 325ML",
            "ItemPrice": "2,69€",
            "ItemUnit": "8,28€/l",
            "local_image_path": "Wein/ Spirituosen/Spirituosen/highland_park_18_jahre_single_malt_whisky.jpg"
          },
          {
            "image_urls": [
              "https://www.edeka24.de/out/pictures/generated/product/1/224_224_90/kamp252hne_natamp252rlich_gut_honig_dijon_senf_250ml.jpg"
            ],
            "ItemTitle": "Kühne Natürlich Gut Honig Dijon-Senf Dressing 250ML",
            "ItemPrice": "2,69€",
            "ItemUnit": "10,76€/l",
            "local_image_path": "Wein/ Spirituosen/Spirituosen/highland_park_18_jahre_single_malt_whisky.jpg"
          },
          {
            "image_urls": [
              "https://www.edeka24.de/out/pictures/generated/product/1/224_224_90/maggidilsauce.jpg"
            ],
            "ItemTitle": "Maggi Für Genießer Dill Sauce fettarm ergibt 250ML",
            "ItemPrice": "1,29€",
            "ItemUnit": "5,16€/l",
            "local_image_path": "Wein/ Spirituosen/Spirituosen/highland_park_18_jahre_single_malt_whisky.jpg"
          },
          {
            "image_urls": [
              "https://www.edeka24.de/out/pictures/generated/product/1/224_224_90/knorrgeschzr.jpg"
            ],
            "ItemTitle": "Knorr Natürlich Lecker Geschnetzeltes Züricher Art 30G",
            "ItemPrice": "1,19€",
            "ItemUnit": "39,67€/kg",
            "local_image_path": "Wein/ Spirituosen/Spirituosen/highland_park_18_jahre_single_malt_whisky.jpg"
          },
          {
            "image_urls": [
              "https://www.edeka24.de/out/pictures/generated/product/1/224_224_90/englertwild-jus.jpg"
            ],
            "ItemTitle": "Englert Wild-Jus 200ML",
            "ItemPrice": "2,19€",
            "ItemUnit": "10,95€/l",
            "local_image_path": "Wein/ Spirituosen/Spirituosen/highland_park_18_jahre_single_malt_whisky.jpg"
          },
          {
            "image_urls": [
              "https://www.edeka24.de/out/pictures/generated/product/1/224_224_90/maggi_food_travel_fix_texmex_chili_con_carne_30g.jpg"
            ],
            "ItemTitle": "Maggi Food Travel Tex-Mex Chili Con Carne 30G",
            "ItemPrice": "1,19€",
            "ItemUnit": "39,67€/kg",
            "local_image_path": "Wein/ Spirituosen/Spirituosen/highland_park_18_jahre_single_malt_whisky.jpg"
          },
          {
            "image_urls": [
              "https://www.edeka24.de/out/pictures/generated/product/1/224_224_90/lacroix_geflgelfond_400ml.jpg"
            ],
            "ItemTitle": "Lacroix Geflügelfond 400ML",
            "ItemPrice": "3,49€",
            "ItemUnit": "8,73€/l",
            "local_image_path": "Wein/ Spirituosen/Spirituosen/highland_park_18_jahre_single_malt_whisky.jpg"
          },
          {
            "image_urls": [
              "https://www.edeka24.de/out/pictures/generated/product/1/224_224_90/knorr_natrlich_lecker_spaghetti_bolognese_38g.jpg"
            ],
            "ItemTitle": "Knorr Natürlich Lecker Spaghetti Bolognese 38G",
            "ItemPrice": "1,19€",
            "ItemUnit": "31,32€/kg",
            "local_image_path": "Lebensmittel/Soßen/knorr_natrlich_lecker_spaghetti_bolognese_38g.jpg"
          },
          {
            "image_urls": [
              "https://www.edeka24.de/out/pictures/generated/product/1/224_224_90/madeveggieknobmed(1).jpg"
            ],
            "ItemTitle": "Kühne Made for Veggies Knoblauch Mediterran 235ML",
            "ItemPrice": "2,19€",
            "ItemUnit": "9,32€/l",
            "local_image_path": "Wein/ Spirituosen/Spirituosen/highland_park_18_jahre_single_malt_whisky.jpg"
          },
          {
            "image_urls": [
              "https://www.edeka24.de/out/pictures/generated/product/1/224_224_90/gustibus_tomatensauce_aus_gelben_kirschtomaten_330g.jpg"
            ],
            "ItemTitle": "Gustibus Tomatensauce aus gelben Kirschtomaten 330G",
            "ItemPrice": "2,69€",
            "ItemUnit": "8,15€/kg",
            "local_image_path": "Wein/ Spirituosen/Spirituosen/highland_park_18_jahre_single_malt_whisky.jpg"
          },
          {
            "image_urls": [
              "https://www.edeka24.de/out/pictures/generated/product/1/224_224_90/barilla_pesto_pistacchio_190g.jpg"
            ],
            "ItemTitle": "Barilla Pesto Basilico E Pistacchio 190G",
            "ItemPrice": "3,69€",
            "ItemUnit": "19,42€/kg",
            "local_image_path": "Wein/ Spirituosen/Spirituosen/highland_park_18_jahre_single_malt_whisky.jpg"
          },
          {
            "image_urls": [
              "https://www.edeka24.de/out/pictures/generated/product/1/224_224_90/khne_mittelscharfer_senf_im_glas(1).jpg"
            ],
            "ItemTitle": "Kühne Senf mittelscharf im Glas 250ML",
            "ItemPrice": "1,89€",
            "ItemUnit": "7,56€/l",
            "local_image_path": "Lebensmittel/Soßen/khne_mittelscharfer_senf_im_glas(1).jpg"
          },
          {
            "image_urls": [
              "https://www.edeka24.de/out/pictures/generated/product/1/224_224_90/barillapesto_premium_135g.jpg"
            ],
            "ItemTitle": "Barilla Pesto Con Basilico Genovese DOP 135G",
            "ItemPrice": "5,49€",
            "ItemUnit": "40,67€/kg",
            "local_image_path": "Lebensmittel/Soßen/barillapesto_premium_135g.jpg"
          },
          {
            "image_urls": [
              "https://www.edeka24.de/out/pictures/generated/product/1/224_224_90/khne_gartenkruter_dressing_laktosefrei_500_ml.jpg"
            ],
            "ItemTitle": "Kühne Gartenkräuter Dressing Laktosefrei 500ML",
            "ItemPrice": "2,69€",
            "ItemUnit": "5,38€/l",
            "local_image_path": "Lebensmittel/Soßen/khne_gartenkruter_dressing_laktosefrei_500_ml.jpg"
          },
          {
            "image_urls": [
              "https://www.edeka24.de/out/pictures/generated/product/1/224_224_90/maggi_fix_rahm_champignons_36g.jpg"
            ],
            "ItemTitle": "Maggi Fix Rahm Champignons 36G",
            "ItemPrice": "1,19€",
            "ItemUnit": "33,06€/kg",
            "local_image_path": "Lebensmittel/Soßen/maggi_fix_rahm_champignons_36g.jpg"
          },
          {
            "image_urls": [
              "https://www.edeka24.de/out/pictures/generated/product/1/224_224_90/kfspitzkohlpfanne.jpg"
            ],
            "ItemTitle": "Knorr Fix Spitzkohl Pfanne 36G",
            "ItemPrice": "1,09€",
            "ItemUnit": "30,28€/kg",
            "local_image_path": "Wein/ Spirituosen/Spirituosen/highland_park_18_jahre_single_malt_whisky.jpg"
          },
          {
            "image_urls": [
              "https://www.edeka24.de/out/pictures/generated/product/1/224_224_90/oroparmabiostckig.jpg"
            ],
            "ItemTitle": "Oro di Parma Bio Tomaten stückig 400G",
            "ItemPrice": "2,29€",
            "ItemUnit": "5,73€/kg",
            "local_image_path": "Wein/ Spirituosen/Spirituosen/highland_park_18_jahre_single_malt_whisky.jpg"
          },
          {
            "image_urls": [
              "https://www.edeka24.de/out/pictures/generated/product/1/224_224_90/alanaturasugotoscana.jpg"
            ],
            "ItemTitle": "Alnatura Origin Bio Tomatensauce Sugo Toscano 325ML",
            "ItemPrice": "2,69€",
            "ItemUnit": "8,28€/l",
            "local_image_path": "Bio-Produkte/Lebensmittel von Alnatura/alanaturasugotoscana.jpg"
          },
          {
            "image_urls": [
              "https://www.edeka24.de/out/pictures/generated/product/1/224_224_90/kamp252hne_natamp252rlich_gut_joghurt_wildkramp228uter_250ml.jpg"
            ],
            "ItemTitle": "Kühne Natürlich Gut Joghurt Wildkräuter Dressing 250ML",
            "ItemPrice": "2,69€",
            "ItemUnit": "10,76€/l",
            "local_image_path": "Wein/ Spirituosen/Spirituosen/highland_park_18_jahre_single_malt_whisky.jpg"
          },
          {
            "image_urls": [
              "https://www.edeka24.de/out/pictures/generated/product/1/224_224_90/barilla_pesto_rustico_mediterraneo_200_g.jpg"
            ],
            "ItemTitle": "Barilla Pesto Rustico Mediterraneo 200G",
            "ItemPrice": "3,69€",
            "ItemUnit": "18,45€/kg",
            "local_image_path": "Wein/ Spirituosen/Spirituosen/highland_park_18_jahre_single_malt_whisky.jpg"
          },
          {
            "image_urls": [
              "https://www.edeka24.de/out/pictures/generated/product/1/224_224_90/24079679_digital-image_400x.png"
            ],
            "ItemTitle": "Lacroix Pilz-Paste 40G",
            "ItemPrice": "1,49€",
            "ItemUnit": "37,25€/kg",
            "local_image_path": "Wein/ Spirituosen/Spirituosen/highland_park_18_jahre_single_malt_whisky.jpg"
          },
          {
            "image_urls": [
              "https://www.edeka24.de/out/pictures/generated/product/1/224_224_90/oro_di_parma_basis_fr_pastasauce_classico_400g.jpg"
            ],
            "ItemTitle": "Oro di Parma Basis für Pastasauce Classico 400G",
            "ItemPrice": "2,29€",
            "ItemUnit": "5,73€/kg",
            "local_image_path": "Wein/ Spirituosen/Spirituosen/highland_park_18_jahre_single_malt_whisky.jpg"
          },
          {
            "image_urls": [
              "https://www.edeka24.de/out/pictures/generated/product/1/224_224_90/knorrnatzutccc.jpg"
            ],
            "ItemTitle": "Knorr Natürlich Lecker Chili Con Carne 47G",
            "ItemPrice": "1,19€",
            "ItemUnit": "25,32€/kg",
            "local_image_path": "Wein/ Spirituosen/Spirituosen/highland_park_18_jahre_single_malt_whisky.jpg"
          },
          {
            "image_urls": [
              "https://www.edeka24.de/out/pictures/generated/product/1/224_224_90/de_cesare_balsamico_senf.jpg"
            ],
            "ItemTitle": "De Cesare Balsamico Senf 200G",
            "ItemPrice": "2,49€",
            "ItemUnit": "12,45€/kg",
            "local_image_path": "Wein/ Spirituosen/Spirituosen/highland_park_18_jahre_single_malt_whisky.jpg"
          },
          {
            "image_urls": [
              "https://www.edeka24.de/out/pictures/generated/product/1/224_224_90/maggi_sauce_zu_braten_ergibt_3l.jpg"
            ],
            "ItemTitle": "Maggi Sauce zu Braten ergibt 3L",
            "ItemPrice": "3,79€",
            "ItemUnit": "1,26€/l",
            "local_image_path": "Wein/ Spirituosen/Spirituosen/highland_park_18_jahre_single_malt_whisky.jpg"
          },
          {
            "image_urls": [
              "https://www.edeka24.de/out/pictures/generated/product/1/224_224_90/llknofogef.jpg"
            ],
            "ItemTitle": "Little Lunch Bio Geflügel Knochen-Fond 400ML",
            "ItemPrice": "3,29€",
            "ItemUnit": "8,23€/l",
            "local_image_path": "Wein/ Spirituosen/Spirituosen/highland_park_18_jahre_single_malt_whisky.jpg"
          },
          {
            "image_urls": [
              "https://www.edeka24.de/out/pictures/generated/product/1/224_224_90/maggi_fr_genieer_sauce_hollandaise_ergibt_250ml.jpg"
            ],
            "ItemTitle": "Maggi Für Genießer Sauce Hollandaise ergibt 250ML",
            "ItemPrice": "1,29€",
            "ItemUnit": "5,16€/l",
            "local_image_path": "Wein/ Spirituosen/Spirituosen/highland_park_18_jahre_single_malt_whisky.jpg"
          },
          {
            "image_urls": [
              "https://www.edeka24.de/out/pictures/generated/product/1/224_224_90/knorr_fix_fr_krutersahne_hhnchen(1).jpg"
            ],
            "ItemTitle": "Knorr Fix für Kräuter-Sahne Hähnchen 28G",
            "ItemPrice": "1,09€",
            "ItemUnit": "38,93€/kg",
            "local_image_path": "Wein/ Spirituosen/Spirituosen/highland_park_18_jahre_single_malt_whisky.jpg"
          },
          {
            "image_urls": [
              "https://www.edeka24.de/out/pictures/generated/product/1/224_224_90/maggi_fix_paprika_rahm_schnitzel_35g.jpg"
            ],
            "ItemTitle": "Maggi Paprika-Rahm Schnitzel 35G",
            "ItemPrice": "1,19€",
            "ItemUnit": "34,00€/kg",
            "local_image_path": "Wein/ Spirituosen/Spirituosen/highland_park_18_jahre_single_malt_whisky.jpg"
          },
          {
            "image_urls": [
              "https://www.edeka24.de/out/pictures/generated/product/1/224_224_90/hellmannbbq.jpg"
            ],
            "ItemTitle": "Hellmann's BBQ Sauce 250ML",
            "ItemPrice": "2,49€",
            "ItemUnit": "9,96€/l",
            "local_image_path": "Wein/ Spirituosen/Spirituosen/highland_park_18_jahre_single_malt_whisky.jpg"
          },
          {
            "image_urls": [
              "https://www.edeka24.de/out/pictures/generated/product/1/224_224_90/alanaturasugobasilico.jpg"
            ],
            "ItemTitle": "Alnatura Origin Bio Tomatensauce Sugo Basilico 325ML",
            "ItemPrice": "2,69€",
            "ItemUnit": "8,28€/l",
            "local_image_path": "Wein/ Spirituosen/Spirituosen/highland_park_18_jahre_single_malt_whisky.jpg"
          },
          {
            "image_urls": [
              "https://www.edeka24.de/out/pictures/generated/product/1/224_224_90/kamp252hne_natamp252rlich_gut_honig_dijon_senf_250ml.jpg"
            ],
            "ItemTitle": "Kühne Natürlich Gut Honig Dijon-Senf Dressing 250ML",
            "ItemPrice": "2,69€",
            "ItemUnit": "10,76€/l",
            "local_image_path": "Wein/ Spirituosen/Spirituosen/highland_park_18_jahre_single_malt_whisky.jpg"
          },
          {
            "image_urls": [
              "https://www.edeka24.de/out/pictures/generated/product/1/224_224_90/maggidilsauce.jpg"
            ],
            "ItemTitle": "Maggi Für Genießer Dill Sauce fettarm ergibt 250ML",
            "ItemPrice": "1,29€",
            "ItemUnit": "5,16€/l",
            "local_image_path": "Wein/ Spirituosen/Spirituosen/highland_park_18_jahre_single_malt_whisky.jpg"
          },
          {
            "image_urls": [
              "https://www.edeka24.de/out/pictures/generated/product/1/224_224_90/knorrgeschzr.jpg"
            ],
            "ItemTitle": "Knorr Natürlich Lecker Geschnetzeltes Züricher Art 30G",
            "ItemPrice": "1,19€",
            "ItemUnit": "39,67€/kg",
            "local_image_path": "Wein/ Spirituosen/Spirituosen/highland_park_18_jahre_single_malt_whisky.jpg"
          },
          {
            "image_urls": [
              "https://www.edeka24.de/out/pictures/generated/product/1/224_224_90/englertwild-jus.jpg"
            ],
            "ItemTitle": "Englert Wild-Jus 200ML",
            "ItemPrice": "2,19€",
            "ItemUnit": "10,95€/l",
            "local_image_path": "Wein/ Spirituosen/Spirituosen/highland_park_18_jahre_single_malt_whisky.jpg"
          },
          {
            "image_urls": [
              "https://www.edeka24.de/out/pictures/generated/product/1/224_224_90/maggi_food_travel_fix_texmex_chili_con_carne_30g.jpg"
            ],
            "ItemTitle": "Maggi Food Travel Tex-Mex Chili Con Carne 30G",
            "ItemPrice": "1,19€",
            "ItemUnit": "39,67€/kg",
            "local_image_path": "Wein/ Spirituosen/Spirituosen/highland_park_18_jahre_single_malt_whisky.jpg"
          },
          {
            "image_urls": [
              "https://www.edeka24.de/out/pictures/generated/product/1/224_224_90/lacroix_geflgelfond_400ml.jpg"
            ],
            "ItemTitle": "Lacroix Geflügelfond 400ML",
            "ItemPrice": "3,49€",
            "ItemUnit": "8,73€/l",
            "local_image_path": "Wein/ Spirituosen/Spirituosen/highland_park_18_jahre_single_malt_whisky.jpg"
          },
          {
            "image_urls": [
              "https://www.edeka24.de/out/pictures/generated/product/1/224_224_90/bio_edeka_tomaten_in_stamp252cken_400g.jpg"
            ],
            "ItemTitle": "EDEKA Bio Tomaten in Stücken 400G",
            "ItemPrice": "0,99€",
            "ItemUnit": "2,48€/kg",
            "local_image_path": "Lebensmittel/Konserven/bio_edeka_tomaten_in_stamp252cken_400g.jpg"
          },
          {
            "image_urls": [
              "https://www.edeka24.de/out/pictures/generated/product/1/224_224_90/melfor-wuerzmittel-loriginal.jpg"
            ],
            "ItemTitle": "Melfor Würzmittel L`Original 1L",
            "ItemPrice": "1,99€",
            "ItemUnit": "1,99€/l",
            "local_image_path": "Lebensmittel/Soßen/melfor-wuerzmittel-loriginal.jpg"
          },
          {
            "image_urls": [
              "https://www.edeka24.de/out/pictures/generated/product/1/224_224_90/hela_curry_gewrz_ketchup_delikat_800_ml.jpg"
            ],
            "ItemTitle": "Hela Curry Gewürz Ketchup delikat 800ML",
            "ItemPrice": "3,49€",
            "ItemUnit": "4,36€/l",
            "local_image_path": "Lebensmittel/Soßen/hela_curry_gewrz_ketchup_delikat_800_ml.jpg"
          },
          {
            "image_urls": [
              "https://www.edeka24.de/out/pictures/generated/product/1/224_224_90/pomito_passierte_tomaten_500g.jpg"
            ],
            "ItemTitle": "Pomito passierte Tomaten 500G",
            "ItemPrice": "1,39€",
            "ItemUnit": "2,78€/kg",
            "local_image_path": "Lebensmittel/Soßen/pomito_passierte_tomaten_500g.jpg"
          },
          {
            "image_urls": [
              "https://www.edeka24.de/out/pictures/generated/product/1/224_224_90/thomy_les_sauces_tomaten_sahnesauce_250ml.jpg"
            ],
            "ItemTitle": "Thomy Les Sauces Tomaten Sahne-Sauce 250ML",
            "ItemPrice": "1,49€",
            "ItemUnit": "5,96€/l",
            "local_image_path": "Lebensmittel/Soßen/thomy_les_sauces_tomaten_sahnesauce_250ml.jpg"
          },
          {
            "image_urls": [
              "https://www.edeka24.de/out/pictures/generated/product/1/224_224_90/thomy_delikatess_senf_mittelscharf_in_der_tube_gro.jpg"
            ],
            "ItemTitle": "Thomy Delikatess Senf mittelscharf 200ML",
            "ItemPrice": "1,49€",
            "ItemUnit": "7,45€/l",
            "local_image_path": "Lebensmittel/Soßen/thomy_delikatess_senf_mittelscharf_in_der_tube_gro.jpg"
          },
          {
            "image_urls": [
              "https://www.edeka24.de/out/pictures/generated/product/1/224_224_90/mondasobikruter.jpg"
            ],
            "ItemTitle": "Mondamin Soßenbinder für Gemüse 250G",
            "ItemPrice": "1,69€",
            "ItemUnit": "6,76€/kg",
            "local_image_path": "Lebensmittel/Soßen/mondasobikruter.jpg"
          },
          {
            "image_urls": [
              "https://www.edeka24.de/out/pictures/generated/product/1/224_224_90/knorrkaribiksauce.jpg"
            ],
            "ItemTitle": "Knorr Karibik Sauce 250ML",
            "ItemPrice": "1,59€",
            "ItemUnit": "6,36€/l",
            "local_image_path": "Lebensmittel/Soßen/knorrkaribiksauce.jpg"
          },
          {
            "image_urls": [
              "https://www.edeka24.de/out/pictures/generated/product/1/224_224_90/edeka_tomaten_ketchup_300ml.jpg"
            ],
            "ItemTitle": "EDEKA Tomaten Ketchup 300ML",
            "ItemPrice": "1,99€",
            "ItemUnit": "6,63€/l",
            "local_image_path": "Lebensmittel/Soßen/edeka_tomaten_ketchup_300ml.jpg"
          },
          {
            "image_urls": [
              "https://www.edeka24.de/out/pictures/generated/product/1/224_224_90/maggi_wrze_250g.jpg"
            ],
            "ItemTitle": "Maggi Würze 250G",
            "ItemPrice": "2,29€",
            "ItemUnit": "9,16€/kg",
            "local_image_path": "Lebensmittel/Soßen/maggi_wrze_250g.jpg"
          },
          {
            "image_urls": [
              "https://www.edeka24.de/out/pictures/generated/product/1/224_224_90/maggi_tomatensauce_ergibt_2x_250ml.jpg"
            ],
            "ItemTitle": "Maggi Tomaten Sauce ergibt 2x 250ML",
            "ItemPrice": "1,59€",
            "ItemUnit": "3,18€/l",
            "local_image_path": "Lebensmittel/Soßen/maggi_tomatensauce_ergibt_2x_250ml.jpg"
          },
          {
            "image_urls": [
              "https://www.edeka24.de/out/pictures/generated/product/1/224_224_90/mutti_tomatenkonzentrat_3fach_tube_200g.jpg"
            ],
            "ItemTitle": "Mutti Tomatenmark 3-fach konzentriert 200G",
            "ItemPrice": "1,99€",
            "ItemUnit": "9,95€/kg",
            "local_image_path": "Lebensmittel/Soßen/mutti_tomatenkonzentrat_3fach_tube_200g.jpg"
          },
          {
            "image_urls": [
              "https://www.edeka24.de/out/pictures/generated/product/1/224_224_90/edeka_italia_pesto_rosso_190g.jpg"
            ],
            "ItemTitle": "EDEKA Italia Pesto Rosso 190G",
            "ItemPrice": "1,89€",
            "ItemUnit": "9,95€/kg",
            "local_image_path": "Lebensmittel/Soßen/edeka_italia_pesto_rosso_190g.jpg"
          },
          {
            "image_urls": [
              "https://www.edeka24.de/out/pictures/generated/product/1/224_224_90/edeka_italia_pesto_alla_calabrese_190g.jpg"
            ],
            "ItemTitle": "EDEKA Italia Pesto alla Calabrese pikant 190G",
            "ItemPrice": "1,89€",
            "ItemUnit": "9,95€/kg",
            "local_image_path": "Lebensmittel/Soßen/edeka_italia_pesto_alla_calabrese_190g.jpg"
          },
          {
            "image_urls": [
              "https://www.edeka24.de/out/pictures/generated/product/1/224_224_90/thomy_les_sauces_hollandaise_250_ml.jpg"
            ],
            "ItemTitle": "Thomy Les Sauces Hollandaise 250ML",
            "ItemPrice": "1,49€",
            "ItemUnit": "5,96€/l",
            "local_image_path": "Lebensmittel/Soßen/thomy_les_sauces_hollandaise_250_ml.jpg"
          },
          {
            "image_urls": [
              "https://www.edeka24.de/out/pictures/generated/product/1/224_224_90/bio_alnatura_tomatenmark200g.jpg"
            ],
            "ItemTitle": "Alnatura Bio Tomatenmark 200G",
            "ItemPrice": "1,69€",
            "ItemUnit": "8,45€/kg",
            "local_image_path": "Lebensmittel/Soßen/bio_alnatura_tomatenmark200g.jpg"
          },
          {
            "image_urls": [
              "https://www.edeka24.de/out/pictures/generated/product/1/224_224_90/thomy_les_sauces_ksesahnesauce_250_ml.jpg"
            ],
            "ItemTitle": "Thomy Les Sauces Käse Sahne-Sauce 250ML",
            "ItemPrice": "1,49€",
            "ItemUnit": "5,96€/l",
            "local_image_path": "Lebensmittel/Soßen/thomy_les_sauces_ksesahnesauce_250_ml.jpg"
          },
          {
            "image_urls": [
              "https://www.edeka24.de/out/pictures/generated/product/1/224_224_90/edeka_originale_tomatenmark_3fach_konzentriert_200g.jpg"
            ],
            "ItemTitle": "EDEKA Originale Tomatenmark 3-fach konzentriert 200G",
            "ItemPrice": "1,59€",
            "ItemUnit": "7,95€/kg",
            "local_image_path": "Lebensmittel/Soßen/edeka_originale_tomatenmark_3fach_konzentriert_200g.jpg"
          },
          {
            "image_urls": [
              "https://www.edeka24.de/out/pictures/generated/product/1/224_224_90/barilla_pasta_sauce_bolognese(1).jpg"
            ],
            "ItemTitle": "Barilla Pasta Sauce Bolognese 400G",
            "ItemPrice": "4,29€",
            "ItemUnit": "10,73€/kg",
            "local_image_path": "Lebensmittel/Soßen/barilla_pasta_sauce_bolognese(1).jpg"
          },
          {
            "image_urls": [
              "https://www.edeka24.de/out/pictures/generated/product/1/224_224_90/mondamehlschwhell.jpg"
            ],
            "ItemTitle": "Mondamin Klassische Mehlschwitze hell 250G",
            "ItemPrice": "1,69€",
            "ItemUnit": "6,76€/kg",
            "local_image_path": "Lebensmittel/Soßen/mondamehlschwhell.jpg"
          },
          {
            "image_urls": [
              "https://www.edeka24.de/out/pictures/generated/product/1/224_224_90/hndlmaiershms.jpg"
            ],
            "ItemTitle": "Händlmaier süßer Hausmachersenf im Glas 335ML",
            "ItemPrice": "1,89€",
            "ItemUnit": "5,64€/l",
            "local_image_path": "Lebensmittel/Soßen/hndlmaiershms.jpg"
          },
          {
            "image_urls": [
              "https://www.edeka24.de/out/pictures/generated/product/1/224_224_90/thomylspfanne.jpg"
            ],
            "ItemTitle": "Thomy Les Sauces Pfannen Sahne-Sauce 250ML",
            "ItemPrice": "1,49€",
            "ItemUnit": "5,96€/l",
            "local_image_path": "Lebensmittel/Soßen/thomylspfanne.jpg"
          },
          {
            "image_urls": [
              "https://www.edeka24.de/out/pictures/generated/product/1/224_224_90/heinzcurryket.jpg"
            ],
            "ItemTitle": "Heinz Curry Ketchup 500ML",
            "ItemPrice": "3,79€",
            "ItemUnit": "7,58€/l",
            "local_image_path": "Lebensmittel/Soßen/heinzcurryket.jpg"
          },
          {
            "image_urls": [
              "https://www.edeka24.de/out/pictures/generated/product/1/224_224_90/mondamin_fix_soenbinder_dunkel.jpg"
            ],
            "ItemTitle": "Mondamin Soßenbinder dunkel 250G",
            "ItemPrice": "1,69€",
            "ItemUnit": "6,76€/kg",
            "local_image_path": "Lebensmittel/Soßen/mondamin_fix_soenbinder_dunkel.jpg"
          },
          {
            "image_urls": [
              "https://www.edeka24.de/out/pictures/generated/product/1/224_224_90/heinz_bio_tomato_ketchup_400ml.jpg"
            ],
            "ItemTitle": "Heinz Bio Tomato Ketchup 400ML",
            "ItemPrice": "3,79€",
            "ItemUnit": "9,48€/l",
            "local_image_path": "Lebensmittel/Soßen/heinz_bio_tomato_ketchup_400ml.jpg"
          },
          {
            "image_urls": [
              "https://www.edeka24.de/out/pictures/generated/product/1/224_224_90/thomy_les_sauces_schnitzelsahnesauce_250_ml.jpg"
            ],
            "ItemTitle": "Thomy Les Sauces Schnitzel Sahne-Sauce 250ML",
            "ItemPrice": "1,49€",
            "ItemUnit": "5,96€/l",
            "local_image_path": "Lebensmittel/Soßen/thomy_les_sauces_schnitzelsahnesauce_250_ml.jpg"
          },
          {
            "image_urls": [
              "https://www.edeka24.de/out/pictures/generated/product/1/224_224_90/mautner_markhof_estragon_senf_200g.jpg"
            ],
            "ItemTitle": "Mautner Markhof Estragon Senf 200G",
            "ItemPrice": "1,79€",
            "ItemUnit": "8,95€/kg",
            "local_image_path": "Lebensmittel/Soßen/mautner_markhof_estragon_senf_200g.jpg"
          },
          {
            "image_urls": [
              "https://www.edeka24.de/out/pictures/generated/product/1/224_224_90/thomy_delikatess_mayonaise_in_der_tube(1).jpg"
            ],
            "ItemTitle": "Thomy Delikatess Mayonaise in der Tube 200ML",
            "ItemPrice": "2,39€",
            "ItemUnit": "11,95€/l",
            "local_image_path": "Lebensmittel/Soßen/thomy_delikatess_mayonaise_in_der_tube(1).jpg"
          },
          {
            "image_urls": [
              "https://www.edeka24.de/out/pictures/generated/product/1/224_224_90/maggizwiebelsauce.jpg"
            ],
            "ItemTitle": "Maggi Zwiebel-Sauce ergibt 2x 250ML",
            "ItemPrice": "1,59€",
            "ItemUnit": "3,18€/l",
            "local_image_path": "Lebensmittel/Soßen/maggizwiebelsauce.jpg"
          },
          {
            "image_urls": [
              "https://www.edeka24.de/out/pictures/generated/product/1/224_224_90/mutti_tompolpe_pomodoro_400g.jpg"
            ],
            "ItemTitle": "Mutti Polpa Feinstes Tomatenfruchtfleisch 400G",
            "ItemPrice": "1,49€",
            "ItemUnit": "3,73€/kg",
            "local_image_path": "Lebensmittel/Soßen/mutti_tompolpe_pomodoro_400g.jpg"
          },
          {
            "image_urls": [
              "https://www.edeka24.de/out/pictures/generated/product/1/224_224_90/bio_edeka_tomaten_in_stamp252cken_400g.jpg"
            ],
            "ItemTitle": "EDEKA Bio Tomaten in Stücken 400G",
            "ItemPrice": "0,99€",
            "ItemUnit": "2,48€/kg",
            "local_image_path": "Lebensmittel/Konserven/bio_edeka_tomaten_in_stamp252cken_400g.jpg"
          },
          {
            "image_urls": [
              "https://www.edeka24.de/out/pictures/generated/product/1/224_224_90/melfor-wuerzmittel-loriginal.jpg"
            ],
            "ItemTitle": "Melfor Würzmittel L`Original 1L",
            "ItemPrice": "1,99€",
            "ItemUnit": "1,99€/l",
            "local_image_path": "Lebensmittel/Soßen/melfor-wuerzmittel-loriginal.jpg"
          },
          {
            "image_urls": [
              "https://www.edeka24.de/out/pictures/generated/product/1/224_224_90/hela_curry_gewrz_ketchup_delikat_800_ml.jpg"
            ],
            "ItemTitle": "Hela Curry Gewürz Ketchup delikat 800ML",
            "ItemPrice": "3,49€",
            "ItemUnit": "4,36€/l",
            "local_image_path": "Lebensmittel/Soßen/hela_curry_gewrz_ketchup_delikat_800_ml.jpg"
          },
          {
            "image_urls": [
              "https://www.edeka24.de/out/pictures/generated/product/1/224_224_90/pomito_passierte_tomaten_500g.jpg"
            ],
            "ItemTitle": "Pomito passierte Tomaten 500G",
            "ItemPrice": "1,39€",
            "ItemUnit": "2,78€/kg",
            "local_image_path": "Lebensmittel/Soßen/pomito_passierte_tomaten_500g.jpg"
          },
          {
            "image_urls": [
              "https://www.edeka24.de/out/pictures/generated/product/1/224_224_90/thomy_les_sauces_tomaten_sahnesauce_250ml.jpg"
            ],
            "ItemTitle": "Thomy Les Sauces Tomaten Sahne-Sauce 250ML",
            "ItemPrice": "1,49€",
            "ItemUnit": "5,96€/l",
            "local_image_path": "Lebensmittel/Soßen/thomy_les_sauces_tomaten_sahnesauce_250ml.jpg"
          },
          {
            "image_urls": [
              "https://www.edeka24.de/out/pictures/generated/product/1/224_224_90/thomy_delikatess_senf_mittelscharf_in_der_tube_gro.jpg"
            ],
            "ItemTitle": "Thomy Delikatess Senf mittelscharf 200ML",
            "ItemPrice": "1,49€",
            "ItemUnit": "7,45€/l",
            "local_image_path": "Lebensmittel/Soßen/thomy_delikatess_senf_mittelscharf_in_der_tube_gro.jpg"
          },
          {
            "image_urls": [
              "https://www.edeka24.de/out/pictures/generated/product/1/224_224_90/mondasobikruter.jpg"
            ],
            "ItemTitle": "Mondamin Soßenbinder für Gemüse 250G",
            "ItemPrice": "1,69€",
            "ItemUnit": "6,76€/kg",
            "local_image_path": "Lebensmittel/Soßen/mondasobikruter.jpg"
          },
          {
            "image_urls": [
              "https://www.edeka24.de/out/pictures/generated/product/1/224_224_90/knorrkaribiksauce.jpg"
            ],
            "ItemTitle": "Knorr Karibik Sauce 250ML",
            "ItemPrice": "1,59€",
            "ItemUnit": "6,36€/l",
            "local_image_path": "Lebensmittel/Soßen/knorrkaribiksauce.jpg"
          },
          {
            "image_urls": [
              "https://www.edeka24.de/out/pictures/generated/product/1/224_224_90/edeka_tomaten_ketchup_300ml.jpg"
            ],
            "ItemTitle": "EDEKA Tomaten Ketchup 300ML",
            "ItemPrice": "1,99€",
            "ItemUnit": "6,63€/l",
            "local_image_path": "Lebensmittel/Soßen/edeka_tomaten_ketchup_300ml.jpg"
          },
          {
            "image_urls": [
              "https://www.edeka24.de/out/pictures/generated/product/1/224_224_90/maggi_wrze_250g.jpg"
            ],
            "ItemTitle": "Maggi Würze 250G",
            "ItemPrice": "2,29€",
            "ItemUnit": "9,16€/kg",
            "local_image_path": "Lebensmittel/Soßen/maggi_wrze_250g.jpg"
          },
          {
            "image_urls": [
              "https://www.edeka24.de/out/pictures/generated/product/1/224_224_90/maggi_tomatensauce_ergibt_2x_250ml.jpg"
            ],
            "ItemTitle": "Maggi Tomaten Sauce ergibt 2x 250ML",
            "ItemPrice": "1,59€",
            "ItemUnit": "3,18€/l",
            "local_image_path": "Lebensmittel/Soßen/maggi_tomatensauce_ergibt_2x_250ml.jpg"
          },
          {
            "image_urls": [
              "https://www.edeka24.de/out/pictures/generated/product/1/224_224_90/mutti_tomatenkonzentrat_3fach_tube_200g.jpg"
            ],
            "ItemTitle": "Mutti Tomatenmark 3-fach konzentriert 200G",
            "ItemPrice": "1,99€",
            "ItemUnit": "9,95€/kg",
            "local_image_path": "Lebensmittel/Soßen/mutti_tomatenkonzentrat_3fach_tube_200g.jpg"
          },
          {
            "image_urls": [
              "https://www.edeka24.de/out/pictures/generated/product/1/224_224_90/edeka_italia_pesto_rosso_190g.jpg"
            ],
            "ItemTitle": "EDEKA Italia Pesto Rosso 190G",
            "ItemPrice": "1,89€",
            "ItemUnit": "9,95€/kg",
            "local_image_path": "Lebensmittel/Soßen/edeka_italia_pesto_rosso_190g.jpg"
          },
          {
            "image_urls": [
              "https://www.edeka24.de/out/pictures/generated/product/1/224_224_90/edeka_italia_pesto_alla_calabrese_190g.jpg"
            ],
            "ItemTitle": "EDEKA Italia Pesto alla Calabrese pikant 190G",
            "ItemPrice": "1,89€",
            "ItemUnit": "9,95€/kg",
            "local_image_path": "Lebensmittel/Soßen/edeka_italia_pesto_alla_calabrese_190g.jpg"
          },
          {
            "image_urls": [
              "https://www.edeka24.de/out/pictures/generated/product/1/224_224_90/thomy_les_sauces_hollandaise_250_ml.jpg"
            ],
            "ItemTitle": "Thomy Les Sauces Hollandaise 250ML",
            "ItemPrice": "1,49€",
            "ItemUnit": "5,96€/l",
            "local_image_path": "Lebensmittel/Soßen/thomy_les_sauces_hollandaise_250_ml.jpg"
          },
          {
            "image_urls": [
              "https://www.edeka24.de/out/pictures/generated/product/1/224_224_90/bio_alnatura_tomatenmark200g.jpg"
            ],
            "ItemTitle": "Alnatura Bio Tomatenmark 200G",
            "ItemPrice": "1,69€",
            "ItemUnit": "8,45€/kg",
            "local_image_path": "Lebensmittel/Soßen/bio_alnatura_tomatenmark200g.jpg"
          },
          {
            "image_urls": [
              "https://www.edeka24.de/out/pictures/generated/product/1/224_224_90/thomy_les_sauces_ksesahnesauce_250_ml.jpg"
            ],
            "ItemTitle": "Thomy Les Sauces Käse Sahne-Sauce 250ML",
            "ItemPrice": "1,49€",
            "ItemUnit": "5,96€/l",
            "local_image_path": "Lebensmittel/Soßen/thomy_les_sauces_ksesahnesauce_250_ml.jpg"
          },
          {
            "image_urls": [
              "https://www.edeka24.de/out/pictures/generated/product/1/224_224_90/edeka_originale_tomatenmark_3fach_konzentriert_200g.jpg"
            ],
            "ItemTitle": "EDEKA Originale Tomatenmark 3-fach konzentriert 200G",
            "ItemPrice": "1,59€",
            "ItemUnit": "7,95€/kg",
            "local_image_path": "Lebensmittel/Soßen/edeka_originale_tomatenmark_3fach_konzentriert_200g.jpg"
          },
          {
            "image_urls": [
              "https://www.edeka24.de/out/pictures/generated/product/1/224_224_90/barilla_pasta_sauce_bolognese(1).jpg"
            ],
            "ItemTitle": "Barilla Pasta Sauce Bolognese 400G",
            "ItemPrice": "4,29€",
            "ItemUnit": "10,73€/kg",
            "local_image_path": "Lebensmittel/Soßen/barilla_pasta_sauce_bolognese(1).jpg"
          },
          {
            "image_urls": [
              "https://www.edeka24.de/out/pictures/generated/product/1/224_224_90/mondamehlschwhell.jpg"
            ],
            "ItemTitle": "Mondamin Klassische Mehlschwitze hell 250G",
            "ItemPrice": "1,69€",
            "ItemUnit": "6,76€/kg",
            "local_image_path": "Lebensmittel/Soßen/mondamehlschwhell.jpg"
          },
          {
            "image_urls": [
              "https://www.edeka24.de/out/pictures/generated/product/1/224_224_90/hndlmaiershms.jpg"
            ],
            "ItemTitle": "Händlmaier süßer Hausmachersenf im Glas 335ML",
            "ItemPrice": "1,89€",
            "ItemUnit": "5,64€/l",
            "local_image_path": "Lebensmittel/Soßen/hndlmaiershms.jpg"
          },
          {
            "image_urls": [
              "https://www.edeka24.de/out/pictures/generated/product/1/224_224_90/thomylspfanne.jpg"
            ],
            "ItemTitle": "Thomy Les Sauces Pfannen Sahne-Sauce 250ML",
            "ItemPrice": "1,49€",
            "ItemUnit": "5,96€/l",
            "local_image_path": "Lebensmittel/Soßen/thomylspfanne.jpg"
          },
          {
            "image_urls": [
              "https://www.edeka24.de/out/pictures/generated/product/1/224_224_90/heinzcurryket.jpg"
            ],
            "ItemTitle": "Heinz Curry Ketchup 500ML",
            "ItemPrice": "3,79€",
            "ItemUnit": "7,58€/l",
            "local_image_path": "Lebensmittel/Soßen/heinzcurryket.jpg"
          },
          {
            "image_urls": [
              "https://www.edeka24.de/out/pictures/generated/product/1/224_224_90/mondamin_fix_soenbinder_dunkel.jpg"
            ],
            "ItemTitle": "Mondamin Soßenbinder dunkel 250G",
            "ItemPrice": "1,69€",
            "ItemUnit": "6,76€/kg",
            "local_image_path": "Lebensmittel/Soßen/mondamin_fix_soenbinder_dunkel.jpg"
          },
          {
            "image_urls": [
              "https://www.edeka24.de/out/pictures/generated/product/1/224_224_90/heinz_bio_tomato_ketchup_400ml.jpg"
            ],
            "ItemTitle": "Heinz Bio Tomato Ketchup 400ML",
            "ItemPrice": "3,79€",
            "ItemUnit": "9,48€/l",
            "local_image_path": "Lebensmittel/Soßen/heinz_bio_tomato_ketchup_400ml.jpg"
          },
          {
            "image_urls": [
              "https://www.edeka24.de/out/pictures/generated/product/1/224_224_90/thomy_les_sauces_schnitzelsahnesauce_250_ml.jpg"
            ],
            "ItemTitle": "Thomy Les Sauces Schnitzel Sahne-Sauce 250ML",
            "ItemPrice": "1,49€",
            "ItemUnit": "5,96€/l",
            "local_image_path": "Lebensmittel/Soßen/thomy_les_sauces_schnitzelsahnesauce_250_ml.jpg"
          },
          {
            "image_urls": [
              "https://www.edeka24.de/out/pictures/generated/product/1/224_224_90/mautner_markhof_estragon_senf_200g.jpg"
            ],
            "ItemTitle": "Mautner Markhof Estragon Senf 200G",
            "ItemPrice": "1,79€",
            "ItemUnit": "8,95€/kg",
            "local_image_path": "Lebensmittel/Soßen/mautner_markhof_estragon_senf_200g.jpg"
          },
          {
            "image_urls": [
              "https://www.edeka24.de/out/pictures/generated/product/1/224_224_90/thomy_delikatess_mayonaise_in_der_tube(1).jpg"
            ],
            "ItemTitle": "Thomy Delikatess Mayonaise in der Tube 200ML",
            "ItemPrice": "2,39€",
            "ItemUnit": "11,95€/l",
            "local_image_path": "Lebensmittel/Soßen/thomy_delikatess_mayonaise_in_der_tube(1).jpg"
          },
          {
            "image_urls": [
              "https://www.edeka24.de/out/pictures/generated/product/1/224_224_90/maggizwiebelsauce.jpg"
            ],
            "ItemTitle": "Maggi Zwiebel-Sauce ergibt 2x 250ML",
            "ItemPrice": "1,59€",
            "ItemUnit": "3,18€/l",
            "local_image_path": "Lebensmittel/Soßen/maggizwiebelsauce.jpg"
          },
          {
            "image_urls": [
              "https://www.edeka24.de/out/pictures/generated/product/1/224_224_90/mutti_tompolpe_pomodoro_400g.jpg"
            ],
            "ItemTitle": "Mutti Polpa Feinstes Tomatenfruchtfleisch 400G",
            "ItemPrice": "1,49€",
            "ItemUnit": "3,73€/kg",
            "local_image_path": "Lebensmittel/Soßen/mutti_tompolpe_pomodoro_400g.jpg"
          }
        ]
      }
    ]
  },
  {
    "CategoryTitle": "Lebensmittel",
    "Subcategories": [
      {
        "subcategoryTitle": "Würzmittel & Brühen",
        "productItems": [
          {
            "image_urls": [
              "https://www.edeka24.de/out/pictures/generated/product/1/224_224_90/melfor-wuerzmittel-loriginal.jpg"
            ],
            "ItemTitle": "Melfor Würzmittel L`Original 1L",
            "ItemPrice": "1,99€",
            "ItemUnit": "1,99€/l",
            "local_image_path": "Lebensmittel/Soßen/melfor-wuerzmittel-loriginal.jpg"
          },
          {
            "image_urls": [
              "https://www.edeka24.de/out/pictures/generated/product/1/224_224_90/edeka_sonnenblumenamp246l_750ml.jpg"
            ],
            "ItemTitle": "EDEKA Sonnenblumenöl 750ML",
            "ItemPrice": "2,29€",
            "ItemUnit": "3,05€/l",
            "local_image_path": "Lebensmittel/Würzmittel & Brühen/edeka_sonnenblumenamp246l_750ml.jpg"
          },
          {
            "image_urls": [
              "https://www.edeka24.de/out/pictures/generated/product/1/224_224_90/bad_reichenhaller_jodsalz_500_g.jpg"
            ],
            "ItemTitle": "Bad Reichenhaller Jodsalz 500G",
            "ItemPrice": "0,69€",
            "ItemUnit": "1,38€/kg",
            "local_image_path": "Lebensmittel/Würzmittel & Brühen/bad_reichenhaller_jodsalz_500_g.jpg"
          },
          {
            "image_urls": [
              "https://www.edeka24.de/out/pictures/generated/product/1/224_224_90/bio_edeka_gemamp252sebramp252he_famp252r_7l_140g(1).jpg"
            ],
            "ItemTitle": "EDEKA Bio Klare Gemüsebrühe 140G",
            "ItemPrice": "1,29€",
            "ItemUnit": "9,21€/kg",
            "local_image_path": "Bio-Produkte/Bio Marken/bio_edeka_gemamp252sebramp252he_famp252r_7l_140g(1).jpg"
          },
          {
            "image_urls": [
              "https://www.edeka24.de/out/pictures/generated/product/1/224_224_90/hengstenberg_altmeister_weinwrziger_essig_750ml.jpg"
            ],
            "ItemTitle": "Hengstenberg Altmeister Weinwürziger Essig 750ML",
            "ItemPrice": "1,49€",
            "ItemUnit": "1,99€/l",
            "local_image_path": "Lebensmittel/Würzmittel & Brühen/hengstenberg_altmeister_weinwrziger_essig_750ml.jpg"
          },
          {
            "image_urls": [
              "https://www.edeka24.de/out/pictures/generated/product/1/224_224_90/knorr_aromat_4038744440387444.jpg"
            ],
            "ItemTitle": "Knorr Würzmittel Aromat Streuer 100G",
            "ItemPrice": "1,69€",
            "ItemUnit": "16,90€/kg",
            "local_image_path": "Lebensmittel/Würzmittel & Brühen/knorr_aromat_4038744440387444.jpg"
          },
          {
            "image_urls": [
              "https://www.edeka24.de/out/pictures/generated/product/1/224_224_90/leieierstich_100g.jpg"
            ],
            "ItemTitle": "Leimer Eierstich 100G MHD 04.11.",
            "ItemSalePrice": "0,99€",
            "ItemUnit": "9,90€/kg",
            "local_image_path": "Lebensmittel/Würzmittel & Brühen/leieierstich_100g.jpg"
          },
          {
            "image_urls": [
              "https://www.edeka24.de/out/pictures/generated/product/1/224_224_90/knorr_salatkrnung_kartoffelsalat_5st_40g.jpg"
            ],
            "ItemTitle": "Knorr Salatkrönung Kartoffelsalat 5ST",
            "ItemPrice": "1,59€",
            "ItemUnit": "0,32€/st",
            "local_image_path": "Lebensmittel/Würzmittel & Brühen/knorr_salatkrnung_kartoffelsalat_5st_40g.jpg"
          },
          {
            "image_urls": [
              "https://www.edeka24.de/out/pictures/generated/product/1/224_224_90/maggi_rinderbramp252he_bouillon_famp252r_6l.jpg"
            ],
            "ItemTitle": "Maggi Herzhafte Rinderbrühe für 6L 126G",
            "ItemPrice": "2,49€",
            "ItemUnit": "19,76€/kg",
            "local_image_path": "Lebensmittel/Würzmittel & Brühen/maggi_rinderbramp252he_bouillon_famp252r_6l.jpg"
          },
          {
            "image_urls": [
              "https://www.edeka24.de/out/pictures/generated/product/1/224_224_90/knorr-bouillon-pur-huhn.jpg"
            ],
            "ItemTitle": "Knorr Bouillon Pur Huhn 6ST 168G",
            "ItemPrice": "1,99€",
            "ItemUnit": "11,85€/kg",
            "local_image_path": "Lebensmittel/Fertiggerichte/knorr-bouillon-pur-huhn.jpg"
          },
          {
            "image_urls": [
              "https://www.edeka24.de/out/pictures/generated/product/1/224_224_90/knorr_kruterlinge_zum_streuen_gartenkruter_60_g.jpg"
            ],
            "ItemTitle": "Knorr Kräuterlinge zum Streuen Gartenkräuter 60G",
            "ItemPrice": "2,29€",
            "ItemUnit": "38,17€/kg",
            "local_image_path": "Lebensmittel/Würzmittel & Brühen/knorr_kruterlinge_zum_streuen_gartenkruter_60_g.jpg"
          },
          {
            "image_urls": [
              "https://www.edeka24.de/out/pictures/generated/product/1/224_224_90/surig_essigessenz_hell_25.jpg"
            ],
            "ItemTitle": "Surig Essig-Essenz hell 25% 388ML",
            "ItemPrice": "1,59€",
            "ItemUnit": "4,10€/l",
            "local_image_path": "Lebensmittel/Würzmittel & Brühen/surig_essigessenz_hell_25.jpg"
          },
          {
            "image_urls": [
              "https://www.edeka24.de/out/pictures/generated/product/1/224_224_90/maggi_wrze_vorratsflasche.jpg"
            ],
            "ItemTitle": "Maggi Würze Vorratsflasche 1KG",
            "ItemPrice": "6,29€",
            "ItemUnit": "6,29€/kg",
            "local_image_path": "Lebensmittel/Würzmittel & Brühen/maggi_wrze_vorratsflasche.jpg"
          },
          {
            "image_urls": [
              "https://www.edeka24.de/out/pictures/generated/product/1/224_224_90/leimer_backerbsen_200_g.jpg"
            ],
            "ItemTitle": "Leimer Backerbsen 200G",
            "ItemPrice": "2,19€",
            "ItemUnit": "10,95€/kg",
            "local_image_path": "Lebensmittel/Fertiggerichte/leimer_backerbsen_200_g.jpg"
          },
          {
            "image_urls": [
              "https://www.edeka24.de/out/pictures/generated/product/1/224_224_90/knorr_delikatess_brhe_in_der_dose.jpg"
            ],
            "ItemTitle": "Knorr Delikatess Brühe für 16L 329G",
            "ItemPrice": "2,99€",
            "ItemUnit": "9,09€/kg",
            "local_image_path": "Lebensmittel/Fertiggerichte/knorr_delikatess_brhe_in_der_dose.jpg"
          },
          {
            "image_urls": [
              "https://www.edeka24.de/out/pictures/generated/product/1/224_224_90/bad_reichenhaller_markensalz_500_g.jpg"
            ],
            "ItemTitle": "Bad Reichenhaller Alpensalz 500G",
            "ItemPrice": "0,79€",
            "ItemUnit": "1,58€/kg",
            "local_image_path": "Lebensmittel/Würzmittel & Brühen/bad_reichenhaller_markensalz_500_g.jpg"
          },
          {
            "image_urls": [
              "https://www.edeka24.de/out/pictures/generated/product/1/224_224_90/knorr-bouillon-rind.jpg"
            ],
            "ItemTitle": "Knorr Bouillon Pur Rind 6ST 168G",
            "ItemPrice": "1,99€",
            "ItemUnit": "11,85€/kg",
            "local_image_path": "Lebensmittel/Fertiggerichte/knorr-bouillon-rind.jpg"
          },
          {
            "image_urls": [
              "https://www.edeka24.de/out/pictures/generated/product/1/224_224_90/leimer_markkloeschen_4000186035502.jpg"
            ],
            "ItemTitle": "Leimer Markklößchen 100G",
            "ItemPrice": "1,59€",
            "ItemUnit": "15,90€/kg",
            "local_image_path": "Lebensmittel/Fertiggerichte/leimer_markkloeschen_4000186035502.jpg"
          },
          {
            "image_urls": [
              "https://www.edeka24.de/out/pictures/generated/product/1/224_224_90/maggi_wrzmischung_6_pasta_und_pizza.jpg"
            ],
            "ItemTitle": "Maggi Würzmischung 6 - Pasta und Pizza 60G",
            "ItemPrice": "2,19€",
            "ItemUnit": "36,50€/kg",
            "local_image_path": "Lebensmittel/Würzmittel & Brühen/maggi_wrzmischung_6_pasta_und_pizza.jpg"
          },
          {
            "image_urls": [
              "https://www.edeka24.de/out/pictures/generated/product/1/224_224_90/knorr_salatkrnung_zwiebelkruter_5st.jpg"
            ],
            "ItemTitle": "Knorr Salatkrönung Zwiebel-Kräuter 5ST",
            "ItemPrice": "1,59€",
            "ItemUnit": "0,32€/st",
            "local_image_path": "Lebensmittel/Soßen/knorr_salatkrnung_zwiebelkruter_5st.jpg"
          },
          {
            "image_urls": [
              "https://www.edeka24.de/out/pictures/generated/product/1/224_224_90/knorr_salatkrnung_dillkruter_5st_45g.jpg"
            ],
            "ItemTitle": "Knorr Salatkrönung Dill-Kräuter 5ST",
            "ItemPrice": "1,59€",
            "ItemUnit": "0,32€/st",
            "local_image_path": "Lebensmittel/Würzmittel & Brühen/knorr_salatkrnung_dillkruter_5st_45g.jpg"
          },
          {
            "image_urls": [
              "https://www.edeka24.de/out/pictures/generated/product/1/224_224_90/gutampampgamp220nstig_paprika_rosenscharf_50g(1).jpg"
            ],
            "ItemTitle": "Gut & Günstig Paprika rosenscharf 50G",
            "ItemPrice": "0,89€",
            "ItemUnit": "17,80€/kg",
            "local_image_path": "Lebensmittel/Würzmittel & Brühen/gutampampgamp220nstig_paprika_rosenscharf_50g(1).jpg"
          },
          {
            "image_urls": [
              "https://www.edeka24.de/out/pictures/generated/product/1/224_224_90/knorrkruterlingefrhl.jpg"
            ],
            "ItemTitle": "Knorr Kräuterlinge zum Streuen Frühlingskräuter 60G",
            "ItemPrice": "2,29€",
            "ItemUnit": "38,17€/kg",
            "local_image_path": "Lebensmittel/Würzmittel & Brühen/knorrkruterlingefrhl.jpg"
          },
          {
            "image_urls": [
              "https://www.edeka24.de/out/pictures/generated/product/1/224_224_90/leigriessnockerl_100g.jpg"
            ],
            "ItemTitle": "Leimer Grießnockerl 100G",
            "ItemPrice": "2,49€",
            "ItemUnit": "24,90€/kg",
            "local_image_path": "Lebensmittel/Würzmittel & Brühen/leigriessnockerl_100g.jpg"
          },
          {
            "image_urls": [
              "https://www.edeka24.de/out/pictures/generated/product/1/224_224_90/alnatura_bio_apfelessig_naturtrb.jpg"
            ],
            "ItemTitle": "Alnatura Bio Apfelessig naturtrüb 500ML",
            "ItemPrice": "1,79€",
            "ItemUnit": "3,58€/l",
            "local_image_path": "Lebensmittel/Würzmittel & Brühen/alnatura_bio_apfelessig_naturtrb.jpg"
          },
          {
            "image_urls": [
              "https://www.edeka24.de/out/pictures/generated/product/1/224_224_90/knorr_aromat_universal_100g.jpg"
            ],
            "ItemTitle": "Knorr Aromat 100G",
            "ItemPrice": "1,29€",
            "ItemUnit": "12,90€/kg",
            "local_image_path": "Lebensmittel/Würzmittel & Brühen/knorr_aromat_universal_100g.jpg"
          },
          {
            "image_urls": [
              "https://www.edeka24.de/out/pictures/generated/product/1/224_224_90/maggi_fondor_dose.jpg"
            ],
            "ItemTitle": "Maggi Fondor Dose 200G",
            "ItemPrice": "2,59€",
            "ItemUnit": "12,95€/kg",
            "local_image_path": "Lebensmittel/Würzmittel & Brühen/maggi_fondor_dose.jpg"
          },
          {
            "image_urls": [
              "https://www.edeka24.de/out/pictures/generated/product/1/224_224_90/maggigemsebrhe.jpg"
            ],
            "ItemTitle": "Maggi Gemüse Brühe für 18L 288G",
            "ItemPrice": "3,99€",
            "ItemUnit": "13,85€/kg",
            "local_image_path": "Lebensmittel/Würzmittel & Brühen/maggigemsebrhe.jpg"
          },
          {
            "image_urls": [
              "https://www.edeka24.de/out/pictures/generated/product/1/224_224_90/maggiklaresupperind.jpg"
            ],
            "ItemTitle": "Maggi Klare Suppe mit Rind für 16L 288G",
            "ItemPrice": "3,99€",
            "ItemUnit": "13,85€/kg",
            "local_image_path": "Lebensmittel/Würzmittel & Brühen/maggiklaresupperind.jpg"
          },
          {
            "image_urls": [
              "https://www.edeka24.de/out/pictures/generated/product/1/224_224_90/knorr_bouillon_pur_gemse_168_g.jpg"
            ],
            "ItemTitle": "Knorr Bouillon Pur Gemüse 6ST 168G",
            "ItemPrice": "1,99€",
            "ItemUnit": "11,85€/kg",
            "local_image_path": "Lebensmittel/Fertiggerichte/knorr_bouillon_pur_gemse_168_g.jpg"
          },
          {
            "image_urls": [
              "https://www.edeka24.de/out/pictures/generated/product/1/224_224_90/edeka_olivenamp246l_extranativ_chania_pgi_500ml.jpg"
            ],
            "ItemTitle": "EDEKA Griechisches Natives Olivenöl Extra g.g.A. Chania 0,5L",
            "ItemPrice": "7,49€",
            "ItemUnit": "14,98€/l",
            "local_image_path": "Lebensmittel/Würzmittel & Brühen/edeka_olivenamp246l_extranativ_chania_pgi_500ml.jpg"
          },
          {
            "image_urls": [
              "https://www.edeka24.de/out/pictures/generated/product/1/224_224_90/knorr_hamp252hner_kraftbouillon_famp252r_44l_88g.jpg"
            ],
            "ItemTitle": "Knorr Hühner Kraftbouillon 88G",
            "ItemPrice": "1,99€",
            "ItemUnit": "22,61€/kg",
            "local_image_path": "Lebensmittel/Würzmittel & Brühen/knorr_hamp252hner_kraftbouillon_famp252r_44l_88g.jpg"
          },
          {
            "image_urls": [
              "https://www.edeka24.de/out/pictures/generated/product/1/224_224_90/blockhousewrzsalz.jpg"
            ],
            "ItemTitle": "Block House Würz Salz 500G",
            "ItemSalePrice": "3,99€",
            "ItemUnit": "7,98€/kg",
            "local_image_path": "Lebensmittel/Würzmittel & Brühen/blockhousewrzsalz.jpg"
          },
          {
            "image_urls": [
              "https://www.edeka24.de/out/pictures/generated/product/1/224_224_90/knorr_salatkrnung_griechische_art_5st_45g.jpg"
            ],
            "ItemTitle": "Knorr Salatkrönung Griechische Art 5ST",
            "ItemPrice": "1,59€",
            "ItemUnit": "0,32€/st",
            "local_image_path": "Lebensmittel/Würzmittel & Brühen/knorr_salatkrnung_griechische_art_5st_45g.jpg"
          },
          {
            "image_urls": [
              "https://www.edeka24.de/out/pictures/generated/product/1/224_224_90/erasco_westflischer_linseneintopf_mit_essig_800g.jpg"
            ],
            "ItemTitle": "Erasco Westfälischer Linsen-Eintopf mit Essig 800G",
            "ItemPrice": "3,49€",
            "ItemUnit": "4,36€/kg",
            "local_image_path": "Lebensmittel/Würzmittel & Brühen/erasco_westflischer_linseneintopf_mit_essig_800g.jpg"
          },
          {
            "image_urls": [
              "https://www.edeka24.de/out/pictures/generated/product/1/224_224_90/gutampampgamp220nstig_pfeffer_weiamp223_50g.jpg"
            ],
            "ItemTitle": "Gut & Günstig Pfeffer weiß 50G",
            "ItemPrice": "0,89€",
            "ItemUnit": "17,80€/kg",
            "local_image_path": "Lebensmittel/Würzmittel & Brühen/gutampampgamp220nstig_pfeffer_weiamp223_50g.jpg"
          },
          {
            "image_urls": [
              "https://www.edeka24.de/out/pictures/generated/product/1/224_224_90/hengstenberg_einmach_meister_750_ml.jpg"
            ],
            "ItemTitle": "Hengstenberg Einmach Meister 750ML",
            "ItemPrice": "1,89€",
            "ItemUnit": "2,52€/l",
            "local_image_path": "Lebensmittel/Würzmittel & Brühen/hengstenberg_einmach_meister_750_ml.jpg"
          },
          {
            "image_urls": [
              "https://www.edeka24.de/out/pictures/generated/product/1/224_224_90/gutampampgamp220nstig_paprika_edelsamp252amp223_50g(1).jpg"
            ],
            "ItemTitle": "Gut & Günstig Paprika edelsüß gemahlen 50G",
            "ItemPrice": "0,89€",
            "ItemUnit": "17,80€/kg",
            "local_image_path": "Lebensmittel/Würzmittel & Brühen/gutampampgamp220nstig_paprika_edelsamp252amp223_50g(1).jpg"
          },
          {
            "image_urls": [
              "https://www.edeka24.de/out/pictures/generated/product/1/224_224_90/knorr_salatkrnung_gartenkruter_mit_knoblauch_5st_40g.jpg"
            ],
            "ItemTitle": "Knorr Salatkrönung Gartenkräuter mit Knoblauch 5ST",
            "ItemPrice": "1,59€",
            "ItemUnit": "0,32€/st",
            "local_image_path": "Lebensmittel/Würzmittel & Brühen/knorr_salatkrnung_gartenkruter_mit_knoblauch_5st_40g.jpg"
          },
          {
            "image_urls": [
              "https://www.edeka24.de/out/pictures/generated/product/1/224_224_90/b9f6e98404bac02f2318460886771357-4005500306504.jpg"
            ],
            "ItemTitle": "Maggi Fette Brühe 10ST 100G",
            "ItemPrice": "1,29€",
            "ItemUnit": "12,90€/kg",
            "local_image_path": "Lebensmittel/Würzmittel & Brühen/b9f6e98404bac02f2318460886771357-4005500306504.jpg"
          },
          {
            "image_urls": [
              "https://www.edeka24.de/out/pictures/generated/product/1/224_224_90/bio_alnatura_bratamp246l_750ml(2).jpg"
            ],
            "ItemTitle": "Alnatura Bio Bratöl 750ML",
            "ItemPrice": "5,49€",
            "ItemUnit": "7,32€/l",
            "local_image_path": "Lebensmittel/Würzmittel & Brühen/bio_alnatura_bratamp246l_750ml(2).jpg"
          },
          {
            "image_urls": [
              "https://www.edeka24.de/out/pictures/generated/product/1/224_224_90/maggihhnerbrhe.jpg"
            ],
            "ItemTitle": "Maggi Hühner Brühe für 4L 92G",
            "ItemPrice": "2,49€",
            "ItemUnit": "27,07€/kg",
            "local_image_path": "Lebensmittel/Würzmittel & Brühen/maggihhnerbrhe.jpg"
          },
          {
            "image_urls": [
              "https://www.edeka24.de/out/pictures/generated/product/1/224_224_90/gutampampgamp220nstig_oregano_gerebelt_12g(1).jpg"
            ],
            "ItemTitle": "Gut & Günstig Oregano gerebelt 12G",
            "ItemPrice": "0,89€",
            "ItemUnit": "74,17€/kg",
            "local_image_path": "Lebensmittel/Würzmittel & Brühen/gutampampgamp220nstig_oregano_gerebelt_12g(1).jpg"
          },
          {
            "image_urls": [
              "https://www.edeka24.de/out/pictures/generated/product/1/224_224_90/vegeta_wrzmischung_mit_gemse_250_g.jpg"
            ],
            "ItemTitle": "Vegeta Würzmischung mit Gemüse 250G",
            "ItemPrice": "2,19€",
            "ItemUnit": "8,76€/kg",
            "local_image_path": "Lebensmittel/Würzmittel & Brühen/vegeta_wrzmischung_mit_gemse_250_g.jpg"
          },
          {
            "image_urls": [
              "https://www.edeka24.de/out/pictures/generated/product/1/224_224_90/knorrskgk.jpg"
            ],
            "ItemTitle": "Knorr Salatkrönung Gartenkräuter XXL-Pack ergibt 2,1L",
            "ItemPrice": "4,29€",
            "ItemUnit": "2,04€/l",
            "local_image_path": "Lebensmittel/Würzmittel & Brühen/knorrskgk.jpg"
          },
          {
            "image_urls": [
              "https://www.edeka24.de/out/pictures/generated/product/1/224_224_90/knorr_kruterlinge_zum_streuen_italienische_kruter_60_g.jpg"
            ],
            "ItemTitle": "Knorr Kräuterlinge zum Streuen Italienische Kräuter 60G",
            "ItemPrice": "2,29€",
            "ItemUnit": "38,17€/kg",
            "local_image_path": "Lebensmittel/Würzmittel & Brühen/knorr_kruterlinge_zum_streuen_italienische_kruter_60_g.jpg"
          },
          {
            "image_urls": [
              "https://www.edeka24.de/out/pictures/generated/product/1/224_224_90/ostmpfefferkoerner_schwarz_50.jpg"
            ],
            "ItemTitle": "Ostmann Pfeffer schwarz 50G",
            "ItemPrice": "2,79€",
            "ItemUnit": "55,80€/kg",
            "local_image_path": "Wein/ Spirituosen/Spirituosen/highland_park_18_jahre_single_malt_whisky.jpg"
          },
          {
            "image_urls": [
              "https://www.edeka24.de/out/pictures/generated/product/1/224_224_90/alnaturadinkelbackerbsen.jpg"
            ],
            "ItemTitle": "Alnatura Bio Dinkel Backerbsen 125G",
            "ItemPrice": "2,19€",
            "ItemUnit": "17,52€/kg",
            "local_image_path": "Lebensmittel/Würzmittel & Brühen/alnaturadinkelbackerbsen.jpg"
          },
          {
            "image_urls": [
              "https://www.edeka24.de/out/pictures/generated/product/1/224_224_90/blockhouseknoblauchpfeffer.jpg"
            ],
            "ItemTitle": "Block House Knoblauch Pfeffer 200G",
            "ItemSalePrice": "7,99€",
            "ItemUnit": "39,95€/kg",
            "local_image_path": "Lebensmittel/Würzmittel & Brühen/blockhouseknoblauchpfeffer.jpg"
          },
          {
            "image_urls": [
              "https://www.edeka24.de/out/pictures/generated/product/1/224_224_90/knorr_salatkrnung_wrzige_gartenkruter_5st_40g.jpg"
            ],
            "ItemTitle": "Knorr Salatkrönung Gartenkräuter 5ST",
            "ItemPrice": "1,59€",
            "ItemUnit": "0,32€/st",
            "local_image_path": "Lebensmittel/Würzmittel & Brühen/knorr_salatkrnung_wrzige_gartenkruter_5st_40g.jpg"
          },
          {
            "image_urls": [
              "https://www.edeka24.de/out/pictures/generated/product/1/224_224_90/ostmann_pfeffer_schwarz_gemahlen_40g.jpg"
            ],
            "ItemTitle": "Ostmann Pfeffer schwarz gemahlen 40G",
            "ItemPrice": "2,39€",
            "ItemUnit": "59,75€/kg",
            "local_image_path": "Lebensmittel/Würzmittel & Brühen/ostmann_pfeffer_schwarz_gemahlen_40g.jpg"
          },
          {
            "image_urls": [
              "https://www.edeka24.de/out/pictures/generated/product/1/224_224_90/ostmann_knoblauch_granuliert_50_g.jpg"
            ],
            "ItemTitle": "Ostmann Knoblauch granuliert 50G",
            "ItemPrice": "2,49€",
            "ItemUnit": "49,80€/kg",
            "local_image_path": "Lebensmittel/Würzmittel & Brühen/ostmann_knoblauch_granuliert_50_g.jpg"
          },
          {
            "image_urls": [
              "https://www.edeka24.de/out/pictures/generated/product/1/224_224_90/knorr_salatkrnung_balsamicokruter_5st_55g.jpg"
            ],
            "ItemTitle": "Knorr Salatkrönung Balsamico-Kräuter 5ST",
            "ItemPrice": "1,59€",
            "ItemUnit": "0,32€/st",
            "local_image_path": "Lebensmittel/Würzmittel & Brühen/knorr_salatkrnung_balsamicokruter_5st_55g.jpg"
          },
          {
            "image_urls": [
              "https://www.edeka24.de/out/pictures/generated/product/1/224_224_90/hengstenberg_essig_essenz_naturvergoren_20_500_g(1).jpg"
            ],
            "ItemTitle": "Hengstenberg Essig Essenz naturvergoren 20% 500G",
            "ItemPrice": "1,59€",
            "ItemUnit": "3,18€/kg",
            "local_image_path": "Lebensmittel/Würzmittel & Brühen/hengstenberg_essig_essenz_naturvergoren_20_500_g(1).jpg"
          },
          {
            "image_urls": [
              "https://www.edeka24.de/out/pictures/generated/product/1/224_224_90/knorr_salatkrnung_italienische_art_5st_40g.jpg"
            ],
            "ItemTitle": "Knorr Salatkrönung Italienische Art 5ST 40G",
            "ItemPrice": "1,59€",
            "ItemUnit": "39,75€/kg",
            "local_image_path": "Lebensmittel/Würzmittel & Brühen/knorr_salatkrnung_italienische_art_5st_40g.jpg"
          },
          {
            "image_urls": [
              "https://www.edeka24.de/out/pictures/generated/product/1/224_224_90/surig_essigessenz_25_dunkel_400g.jpg"
            ],
            "ItemTitle": "Surig Essigessenz 25% dunkel 388ML",
            "ItemPrice": "1,59€",
            "ItemUnit": "3,98€/kg",
            "local_image_path": "Lebensmittel/Würzmittel & Brühen/surig_essigessenz_25_dunkel_400g.jpg"
          },
          {
            "image_urls": [
              "https://www.edeka24.de/out/pictures/generated/product/1/224_224_90/surig_zitronensamp228ure_20_390ml.jpg"
            ],
            "ItemTitle": "Surig Zitronensäure 20% 390ML",
            "ItemPrice": "2,19€",
            "ItemUnit": "5,62€/l",
            "local_image_path": "Lebensmittel/Würzmittel & Brühen/surig_zitronensamp228ure_20_390ml.jpg"
          },
          {
            "image_urls": [
              "https://www.edeka24.de/out/pictures/generated/product/1/224_224_90/maggi_wrzmischung_3_pikantes_geflgel_65_g.jpg"
            ],
            "ItemTitle": "Maggi Würzmischung 3 - pikantes Geflügel 65G",
            "ItemPrice": "2,19€",
            "ItemUnit": "33,69€/kg",
            "local_image_path": "Lebensmittel/Würzmittel & Brühen/maggi_wrzmischung_3_pikantes_geflgel_65_g.jpg"
          },
          {
            "image_urls": [
              "https://www.edeka24.de/out/pictures/generated/product/1/224_224_90/maggi_food_travel_curry_indian_style_65g.jpg"
            ],
            "ItemTitle": "Maggi Food Travel Curry Indian Style 65G",
            "ItemPrice": "1,19€",
            "ItemUnit": "18,31€/kg",
            "local_image_path": "Lebensmittel/Internationales/maggi_food_travel_curry_indian_style_65g.jpg"
          },
          {
            "image_urls": [
              "https://www.edeka24.de/out/pictures/generated/product/1/224_224_90/reichenhjodsalzfluor_500g_ds.jpg"
            ],
            "ItemTitle": "Bad Reichenhaller Alpen Jod Salz + Fluorid 500G",
            "ItemPrice": "1,39€",
            "ItemUnit": "2,78€/kg",
            "local_image_path": "Lebensmittel/Würzmittel & Brühen/reichenhjodsalzfluor_500g_ds.jpg"
          },
          {
            "image_urls": [
              "https://www.edeka24.de/out/pictures/generated/product/1/224_224_90/hengstenberg_feiner_walnuss_essig_500_ml.jpg"
            ],
            "ItemTitle": "Hengstenberg Feiner Walnuss Essig 500ML",
            "ItemPrice": "3,79€",
            "ItemUnit": "7,58€/l",
            "local_image_path": "Lebensmittel/Würzmittel & Brühen/hengstenberg_feiner_walnuss_essig_500_ml.jpg"
          },
          {
            "image_urls": [
              "https://www.edeka24.de/out/pictures/generated/product/1/224_224_90/hengstenberg_balsamico_bianco_mit_orange_250_ml.jpg"
            ],
            "ItemTitle": "Hengstenberg Balsamico Bianco mit Orange 250ML",
            "ItemPrice": "2,49€",
            "ItemUnit": "9,96€/l",
            "local_image_path": "Lebensmittel/Würzmittel & Brühen/hengstenberg_balsamico_bianco_mit_orange_250_ml.jpg"
          },
          {
            "image_urls": [
              "https://www.edeka24.de/out/pictures/generated/product/1/224_224_90/maggiwrzmischung2.jpg"
            ],
            "ItemTitle": "Maggi Würzmischung 2 - Gemüse und helle Saucen 78G",
            "ItemPrice": "2,19€",
            "ItemUnit": "28,08€/kg",
            "local_image_path": "Lebensmittel/Würzmittel & Brühen/maggiwrzmischung2.jpg"
          },
          {
            "image_urls": [
              "https://www.edeka24.de/out/pictures/generated/product/1/224_224_90/alnatura_bio_italienische_kruter_gewrzmischung.jpg"
            ],
            "ItemTitle": "Alnatura Bio Italienische Kräuter Gewürzmischung 35G",
            "ItemPrice": "2,19€",
            "ItemUnit": "62,57€/kg",
            "local_image_path": "Lebensmittel/Würzmittel & Brühen/alnatura_bio_italienische_kruter_gewrzmischung.jpg"
          },
          {
            "image_urls": [
              "https://www.edeka24.de/out/pictures/generated/product/1/224_224_90/rapsgold.jpg"
            ],
            "ItemTitle": "Rapsgold Rapsöl Buttergeschmack 750ML",
            "ItemPrice": "4,79€",
            "ItemUnit": "6,39€/l",
            "local_image_path": "Lebensmittel/Würzmittel & Brühen/rapsgold.jpg"
          },
          {
            "image_urls": [
              "https://www.edeka24.de/out/pictures/generated/product/1/224_224_90/alnatura_bio_ceylon_zimt_gemahlen.jpg"
            ],
            "ItemTitle": "Alnatura Bio Ceylon Zimt gemahlen 50G",
            "ItemPrice": "3,29€",
            "ItemUnit": "65,80€/kg",
            "local_image_path": "Lebensmittel/Würzmittel & Brühen/alnatura_bio_ceylon_zimt_gemahlen.jpg"
          },
          {
            "image_urls": [
              "https://www.edeka24.de/out/pictures/generated/product/1/224_224_90/hengstenberg_13_kruteressig_750_ml.jpg"
            ],
            "ItemTitle": "Hengstenberg 13 Kräuter-Essig 750ML",
            "ItemPrice": "1,79€",
            "ItemUnit": "2,39€/l",
            "local_image_path": "Lebensmittel/Würzmittel & Brühen/hengstenberg_13_kruteressig_750_ml.jpg"
          },
          {
            "image_urls": [
              "https://www.edeka24.de/out/pictures/generated/product/1/224_224_90/khne_surol_7_kruter_essig.jpg"
            ],
            "ItemTitle": "Kühne Surol 7 Kräuter Essig 750ML",
            "ItemPrice": "1,79€",
            "ItemUnit": "2,39€/l",
            "local_image_path": "Lebensmittel/Würzmittel & Brühen/khne_surol_7_kruter_essig.jpg"
          },
          {
            "image_urls": [
              "https://www.edeka24.de/out/pictures/generated/product/1/224_224_90/ostmann_kreuzkamp252mmel_gemahlen_35g.jpg"
            ],
            "ItemTitle": "Ostmann Kreuzkümmel (Cumin) gemahlen 35G",
            "ItemPrice": "2,49€",
            "ItemUnit": "71,14€/kg",
            "local_image_path": "Wein/ Spirituosen/Spirituosen/highland_park_18_jahre_single_malt_whisky.jpg"
          },
          {
            "image_urls": [
              "https://www.edeka24.de/out/pictures/generated/product/1/224_224_90/gutampampgamp220nstig_basilikum_gerebelt_15g(1).jpg"
            ],
            "ItemTitle": "Gut & Günstig Basilikum gerebelt 15G",
            "ItemPrice": "0,89€",
            "ItemUnit": "59,33€/kg",
            "local_image_path": "Lebensmittel/Würzmittel & Brühen/gutampampgamp220nstig_basilikum_gerebelt_15g(1).jpg"
          },
          {
            "image_urls": [
              "https://www.edeka24.de/out/pictures/generated/product/1/224_224_90/ostmann_chili_flocken_45g.jpg"
            ],
            "ItemTitle": "Ostmann Chili Flocken 45G",
            "ItemPrice": "2,49€",
            "ItemUnit": "55,33€/kg",
            "local_image_path": "Lebensmittel/Würzmittel & Brühen/ostmann_chili_flocken_45g.jpg"
          },
          {
            "image_urls": [
              "https://www.edeka24.de/out/pictures/generated/product/1/224_224_90/gutampampgamp220nstig_zimt_gemahlen_40g.jpg"
            ],
            "ItemTitle": "Gut & Günstig Zimt gemahlen 40G",
            "ItemPrice": "0,89€",
            "ItemUnit": "22,25€/kg",
            "local_image_path": "Wein/ Spirituosen/Spirituosen/highland_park_18_jahre_single_malt_whisky.jpg"
          },
          {
            "image_urls": [
              "https://www.edeka24.de/out/pictures/generated/product/1/224_224_90/hengstenberg_aceto_balsamico_di_modena_500_ml.jpg"
            ],
            "ItemTitle": "Hengstenberg Aceto Balsamico di Modena 500ML",
            "ItemPrice": "3,79€",
            "ItemUnit": "7,58€/l",
            "local_image_path": "Lebensmittel/Würzmittel & Brühen/hengstenberg_aceto_balsamico_di_modena_500_ml.jpg"
          },
          {
            "image_urls": [
              "https://www.edeka24.de/out/pictures/generated/product/1/224_224_90/hengstenberg_condimento_balsamico_bianco_500_ml.jpg"
            ],
            "ItemTitle": "Hengstenberg Condimento Balsamico Bianco 500ML",
            "ItemPrice": "3,79€",
            "ItemUnit": "7,58€/l",
            "local_image_path": "Lebensmittel/Würzmittel & Brühen/hengstenberg_condimento_balsamico_bianco_500_ml.jpg"
          },
          {
            "image_urls": [
              "https://www.edeka24.de/out/pictures/generated/product/1/224_224_90/laessigersecco.jpg"
            ],
            "ItemTitle": "Laessiger Secco Rose extra trocken 0,75L",
            "ItemSalePrice": "4,50€",
            "ItemUnit": "6,00€/l",
            "local_image_path": "Lebensmittel/Würzmittel & Brühen/laessigersecco.jpg"
          },
          {
            "image_urls": [
              "https://www.edeka24.de/out/pictures/generated/product/1/224_224_90/maggi_gartengemamp252se_bouillon_famp252r_7l.jpg"
            ],
            "ItemTitle": "Maggi Gartengemüse Bouillon für 7L 130G",
            "ItemPrice": "2,49€",
            "ItemUnit": "19,15€/kg",
            "local_image_path": "Lebensmittel/Würzmittel & Brühen/maggi_gartengemamp252se_bouillon_famp252r_7l.jpg"
          },
          {
            "image_urls": [
              "https://www.edeka24.de/out/pictures/generated/product/1/224_224_90/top_taste_rstzwiebeln_280_g.jpg"
            ],
            "ItemTitle": "Top Taste Röstzwiebeln 280G",
            "ItemPrice": "3,79€",
            "ItemUnit": "13,54€/kg",
            "local_image_path": "Lebensmittel/Würzmittel & Brühen/top_taste_rstzwiebeln_280_g.jpg"
          },
          {
            "image_urls": [
              "https://www.edeka24.de/out/pictures/generated/product/1/224_224_90/maggi_wrzmischung_1_gebratenes_fleisch_78g.jpg"
            ],
            "ItemTitle": "Maggi Würzmischung 1 - gebratenes Fleisch 78G",
            "ItemPrice": "2,19€",
            "ItemUnit": "28,08€/kg",
            "local_image_path": "Lebensmittel/Würzmittel & Brühen/maggi_wrzmischung_1_gebratenes_fleisch_78g.jpg"
          },
          {
            "image_urls": [
              "https://www.edeka24.de/out/pictures/generated/product/1/224_224_90/8qv4a719c48e85a80.64898966-4260167510033.jpg"
            ],
            "ItemTitle": "theo der essigbrauer Deutscher Balsamico Essig weiß 500ML",
            "ItemPrice": "5,99€",
            "ItemUnit": "11,98€/l",
            "local_image_path": "Lebensmittel/Würzmittel & Brühen/8qv4a719c48e85a80.64898966-4260167510033.jpg"
          },
          {
            "image_urls": [
              "https://www.edeka24.de/out/pictures/generated/product/1/224_224_90/8qv4a719c48e85a80.64898966-4260167510019.jpg"
            ],
            "ItemTitle": "theo der essigbrauer Deutscher Balsamico Essig rot 500ML",
            "ItemPrice": "5,99€",
            "ItemUnit": "11,98€/l",
            "local_image_path": "Wein/ Spirituosen/Spirituosen/highland_park_18_jahre_single_malt_whisky.jpg"
          },
          {
            "image_urls": [
              "https://www.edeka24.de/out/pictures/generated/product/1/224_224_90/bruehwuerfel_10er_p1.jpg"
            ],
            "ItemTitle": "Maggi Brühwürfel 10ST 40G",
            "ItemPrice": "1,29€",
            "ItemUnit": "32,25€/kg",
            "local_image_path": "Lebensmittel/Fertiggerichte/bruehwuerfel_10er_p1.jpg"
          },
          {
            "image_urls": [
              "https://www.edeka24.de/out/pictures/generated/product/1/224_224_90/bio_maggi_gembouillon_f55l.jpg"
            ],
            "ItemTitle": "Maggi Bio Ideen vom Wochenmarkt Gemüse Bouillon ergibt 5,5L",
            "ItemPrice": "2,49€",
            "ItemUnit": "0,45€/l",
            "local_image_path": "Lebensmittel/Würzmittel & Brühen/bio_maggi_gembouillon_f55l.jpg"
          },
          {
            "image_urls": [
              "https://www.edeka24.de/out/pictures/generated/product/1/224_224_90/alnatura_bio_gemse_bouillon_ohne_zusatz_von_hefe_klein_6x_11_g.jpg"
            ],
            "ItemTitle": "Alnatura Bio Gemüse Bouillon ohne Zusatz von Hefe 6ST 66G",
            "ItemPrice": "1,19€",
            "ItemUnit": "18,03€/kg",
            "local_image_path": "Lebensmittel/Würzmittel & Brühen/alnatura_bio_gemse_bouillon_ohne_zusatz_von_hefe_klein_6x_11_g.jpg"
          },
          {
            "image_urls": [
              "https://www.edeka24.de/out/pictures/generated/product/1/224_224_90/maggi_wrzmischung_5_hackfleisch(1).jpg"
            ],
            "ItemTitle": "Maggi Würzmischung 5 - Hackfleisch 75G",
            "ItemPrice": "2,19€",
            "ItemUnit": "29,20€/kg",
            "local_image_path": "Lebensmittel/Würzmittel & Brühen/maggi_wrzmischung_5_hackfleisch(1).jpg"
          },
          {
            "image_urls": [
              "https://www.edeka24.de/out/pictures/generated/product/1/224_224_90/bad_reichenhaller_pommessalz_mjodampampfolsamp228ure_90g.jpg"
            ],
            "ItemTitle": "Bad Reichenhaller Pommes Salz 90G",
            "ItemPrice": "1,89€",
            "ItemUnit": "21,00€/kg",
            "local_image_path": "Wein/ Spirituosen/Spirituosen/highland_park_18_jahre_single_malt_whisky.jpg"
          },
          {
            "image_urls": [
              "https://www.edeka24.de/out/pictures/generated/product/1/224_224_90/top_taste_rstzwiebeln_100_g.jpg"
            ],
            "ItemTitle": "Top Taste Röstzwiebeln 100G",
            "ItemPrice": "1,79€",
            "ItemUnit": "17,90€/kg",
            "local_image_path": "Lebensmittel/Würzmittel & Brühen/top_taste_rstzwiebeln_100_g.jpg"
          },
          {
            "image_urls": [
              "https://www.edeka24.de/out/pictures/generated/product/1/224_224_90/alnatura_bio_dillspitzen_geschnitten.jpg"
            ],
            "ItemTitle": "Alnatura Bio Dillspitzen geschnitten 15G",
            "ItemPrice": "2,19€",
            "ItemUnit": "146,00€/kg",
            "local_image_path": "Lebensmittel/Würzmittel & Brühen/alnatura_bio_dillspitzen_geschnitten.jpg"
          },
          {
            "image_urls": [
              "https://www.edeka24.de/out/pictures/generated/product/1/224_224_90/hengstenberg_alte_liebe_rotweinessig_750_ml.jpg"
            ],
            "ItemTitle": "Hengstenberg Alte Liebe Rotweinessig 750ML",
            "ItemPrice": "2,49€",
            "ItemUnit": "3,32€/l",
            "local_image_path": "Lebensmittel/Würzmittel & Brühen/hengstenberg_alte_liebe_rotweinessig_750_ml.jpg"
          },
          {
            "image_urls": [
              "https://www.edeka24.de/out/pictures/generated/product/1/224_224_90/alnatura_bio_muskatnsse_ganz.jpg"
            ],
            "ItemTitle": "Alnatura Bio Muskatnüsse ganz 3ST",
            "ItemPrice": "3,29€",
            "ItemUnit": "1,10€/st",
            "local_image_path": "Wein/ Spirituosen/Spirituosen/highland_park_18_jahre_single_malt_whisky.jpg"
          },
          {
            "image_urls": [
              "https://www.edeka24.de/out/pictures/generated/product/1/224_224_90/alnatura_bio_kruter_der_provence_gewrzmischung.jpg"
            ],
            "ItemTitle": "Alnatura Bio Kräuter der Provence Gewürzmischung 25G",
            "ItemPrice": "2,19€",
            "ItemUnit": "87,60€/kg",
            "local_image_path": "Lebensmittel/Würzmittel & Brühen/alnatura_bio_kruter_der_provence_gewrzmischung.jpg"
          },
          {
            "image_urls": [
              "https://www.edeka24.de/out/pictures/generated/product/1/224_224_90/hengstenberg_feiner_walnuss_essig_500_ml.jpg"
            ],
            "ItemTitle": "Hengstenberg Feiner Walnuss Essig 500ML",
            "ItemPrice": "3,79€",
            "ItemUnit": "7,58€/l",
            "local_image_path": "Lebensmittel/Würzmittel & Brühen/hengstenberg_feiner_walnuss_essig_500_ml.jpg"
          },
          {
            "image_urls": [
              "https://www.edeka24.de/out/pictures/generated/product/1/224_224_90/hengstenberg_balsamico_bianco_mit_orange_250_ml.jpg"
            ],
            "ItemTitle": "Hengstenberg Balsamico Bianco mit Orange 250ML",
            "ItemPrice": "2,49€",
            "ItemUnit": "9,96€/l",
            "local_image_path": "Lebensmittel/Würzmittel & Brühen/hengstenberg_balsamico_bianco_mit_orange_250_ml.jpg"
          },
          {
            "image_urls": [
              "https://www.edeka24.de/out/pictures/generated/product/1/224_224_90/maggiwrzmischung2.jpg"
            ],
            "ItemTitle": "Maggi Würzmischung 2 - Gemüse und helle Saucen 78G",
            "ItemPrice": "2,19€",
            "ItemUnit": "28,08€/kg",
            "local_image_path": "Lebensmittel/Würzmittel & Brühen/maggiwrzmischung2.jpg"
          },
          {
            "image_urls": [
              "https://www.edeka24.de/out/pictures/generated/product/1/224_224_90/alnatura_bio_italienische_kruter_gewrzmischung.jpg"
            ],
            "ItemTitle": "Alnatura Bio Italienische Kräuter Gewürzmischung 35G",
            "ItemPrice": "2,19€",
            "ItemUnit": "62,57€/kg",
            "local_image_path": "Lebensmittel/Würzmittel & Brühen/alnatura_bio_italienische_kruter_gewrzmischung.jpg"
          },
          {
            "image_urls": [
              "https://www.edeka24.de/out/pictures/generated/product/1/224_224_90/rapsgold.jpg"
            ],
            "ItemTitle": "Rapsgold Rapsöl Buttergeschmack 750ML",
            "ItemPrice": "4,79€",
            "ItemUnit": "6,39€/l",
            "local_image_path": "Lebensmittel/Würzmittel & Brühen/rapsgold.jpg"
          },
          {
            "image_urls": [
              "https://www.edeka24.de/out/pictures/generated/product/1/224_224_90/alnatura_bio_ceylon_zimt_gemahlen.jpg"
            ],
            "ItemTitle": "Alnatura Bio Ceylon Zimt gemahlen 50G",
            "ItemPrice": "3,29€",
            "ItemUnit": "65,80€/kg",
            "local_image_path": "Lebensmittel/Würzmittel & Brühen/alnatura_bio_ceylon_zimt_gemahlen.jpg"
          },
          {
            "image_urls": [
              "https://www.edeka24.de/out/pictures/generated/product/1/224_224_90/hengstenberg_13_kruteressig_750_ml.jpg"
            ],
            "ItemTitle": "Hengstenberg 13 Kräuter-Essig 750ML",
            "ItemPrice": "1,79€",
            "ItemUnit": "2,39€/l",
            "local_image_path": "Lebensmittel/Würzmittel & Brühen/hengstenberg_13_kruteressig_750_ml.jpg"
          },
          {
            "image_urls": [
              "https://www.edeka24.de/out/pictures/generated/product/1/224_224_90/khne_surol_7_kruter_essig.jpg"
            ],
            "ItemTitle": "Kühne Surol 7 Kräuter Essig 750ML",
            "ItemPrice": "1,79€",
            "ItemUnit": "2,39€/l",
            "local_image_path": "Lebensmittel/Würzmittel & Brühen/khne_surol_7_kruter_essig.jpg"
          },
          {
            "image_urls": [
              "https://www.edeka24.de/out/pictures/generated/product/1/224_224_90/ostmann_kreuzkamp252mmel_gemahlen_35g.jpg"
            ],
            "ItemTitle": "Ostmann Kreuzkümmel (Cumin) gemahlen 35G",
            "ItemPrice": "2,49€",
            "ItemUnit": "71,14€/kg",
            "local_image_path": "Wein/ Spirituosen/Spirituosen/highland_park_18_jahre_single_malt_whisky.jpg"
          },
          {
            "image_urls": [
              "https://www.edeka24.de/out/pictures/generated/product/1/224_224_90/gutampampgamp220nstig_basilikum_gerebelt_15g(1).jpg"
            ],
            "ItemTitle": "Gut & Günstig Basilikum gerebelt 15G",
            "ItemPrice": "0,89€",
            "ItemUnit": "59,33€/kg",
            "local_image_path": "Lebensmittel/Würzmittel & Brühen/gutampampgamp220nstig_basilikum_gerebelt_15g(1).jpg"
          },
          {
            "image_urls": [
              "https://www.edeka24.de/out/pictures/generated/product/1/224_224_90/ostmann_chili_flocken_45g.jpg"
            ],
            "ItemTitle": "Ostmann Chili Flocken 45G",
            "ItemPrice": "2,49€",
            "ItemUnit": "55,33€/kg",
            "local_image_path": "Lebensmittel/Würzmittel & Brühen/ostmann_chili_flocken_45g.jpg"
          },
          {
            "image_urls": [
              "https://www.edeka24.de/out/pictures/generated/product/1/224_224_90/gutampampgamp220nstig_zimt_gemahlen_40g.jpg"
            ],
            "ItemTitle": "Gut & Günstig Zimt gemahlen 40G",
            "ItemPrice": "0,89€",
            "ItemUnit": "22,25€/kg",
            "local_image_path": "Wein/ Spirituosen/Spirituosen/highland_park_18_jahre_single_malt_whisky.jpg"
          },
          {
            "image_urls": [
              "https://www.edeka24.de/out/pictures/generated/product/1/224_224_90/hengstenberg_aceto_balsamico_di_modena_500_ml.jpg"
            ],
            "ItemTitle": "Hengstenberg Aceto Balsamico di Modena 500ML",
            "ItemPrice": "3,79€",
            "ItemUnit": "7,58€/l",
            "local_image_path": "Lebensmittel/Würzmittel & Brühen/hengstenberg_aceto_balsamico_di_modena_500_ml.jpg"
          },
          {
            "image_urls": [
              "https://www.edeka24.de/out/pictures/generated/product/1/224_224_90/hengstenberg_condimento_balsamico_bianco_500_ml.jpg"
            ],
            "ItemTitle": "Hengstenberg Condimento Balsamico Bianco 500ML",
            "ItemPrice": "3,79€",
            "ItemUnit": "7,58€/l",
            "local_image_path": "Lebensmittel/Würzmittel & Brühen/hengstenberg_condimento_balsamico_bianco_500_ml.jpg"
          },
          {
            "image_urls": [
              "https://www.edeka24.de/out/pictures/generated/product/1/224_224_90/laessigersecco.jpg"
            ],
            "ItemTitle": "Laessiger Secco Rose extra trocken 0,75L",
            "ItemSalePrice": "4,50€",
            "ItemUnit": "6,00€/l",
            "local_image_path": "Lebensmittel/Würzmittel & Brühen/laessigersecco.jpg"
          },
          {
            "image_urls": [
              "https://www.edeka24.de/out/pictures/generated/product/1/224_224_90/maggi_gartengemamp252se_bouillon_famp252r_7l.jpg"
            ],
            "ItemTitle": "Maggi Gartengemüse Bouillon für 7L 130G",
            "ItemPrice": "2,49€",
            "ItemUnit": "19,15€/kg",
            "local_image_path": "Lebensmittel/Würzmittel & Brühen/maggi_gartengemamp252se_bouillon_famp252r_7l.jpg"
          },
          {
            "image_urls": [
              "https://www.edeka24.de/out/pictures/generated/product/1/224_224_90/top_taste_rstzwiebeln_280_g.jpg"
            ],
            "ItemTitle": "Top Taste Röstzwiebeln 280G",
            "ItemPrice": "3,79€",
            "ItemUnit": "13,54€/kg",
            "local_image_path": "Lebensmittel/Würzmittel & Brühen/top_taste_rstzwiebeln_280_g.jpg"
          },
          {
            "image_urls": [
              "https://www.edeka24.de/out/pictures/generated/product/1/224_224_90/maggi_wrzmischung_1_gebratenes_fleisch_78g.jpg"
            ],
            "ItemTitle": "Maggi Würzmischung 1 - gebratenes Fleisch 78G",
            "ItemPrice": "2,19€",
            "ItemUnit": "28,08€/kg",
            "local_image_path": "Lebensmittel/Würzmittel & Brühen/maggi_wrzmischung_1_gebratenes_fleisch_78g.jpg"
          },
          {
            "image_urls": [
              "https://www.edeka24.de/out/pictures/generated/product/1/224_224_90/8qv4a719c48e85a80.64898966-4260167510033.jpg"
            ],
            "ItemTitle": "theo der essigbrauer Deutscher Balsamico Essig weiß 500ML",
            "ItemPrice": "5,99€",
            "ItemUnit": "11,98€/l",
            "local_image_path": "Lebensmittel/Würzmittel & Brühen/8qv4a719c48e85a80.64898966-4260167510033.jpg"
          },
          {
            "image_urls": [
              "https://www.edeka24.de/out/pictures/generated/product/1/224_224_90/8qv4a719c48e85a80.64898966-4260167510019.jpg"
            ],
            "ItemTitle": "theo der essigbrauer Deutscher Balsamico Essig rot 500ML",
            "ItemPrice": "5,99€",
            "ItemUnit": "11,98€/l",
            "local_image_path": "Wein/ Spirituosen/Spirituosen/highland_park_18_jahre_single_malt_whisky.jpg"
          },
          {
            "image_urls": [
              "https://www.edeka24.de/out/pictures/generated/product/1/224_224_90/bruehwuerfel_10er_p1.jpg"
            ],
            "ItemTitle": "Maggi Brühwürfel 10ST 40G",
            "ItemPrice": "1,29€",
            "ItemUnit": "32,25€/kg",
            "local_image_path": "Lebensmittel/Fertiggerichte/bruehwuerfel_10er_p1.jpg"
          },
          {
            "image_urls": [
              "https://www.edeka24.de/out/pictures/generated/product/1/224_224_90/bio_maggi_gembouillon_f55l.jpg"
            ],
            "ItemTitle": "Maggi Bio Ideen vom Wochenmarkt Gemüse Bouillon ergibt 5,5L",
            "ItemPrice": "2,49€",
            "ItemUnit": "0,45€/l",
            "local_image_path": "Lebensmittel/Würzmittel & Brühen/bio_maggi_gembouillon_f55l.jpg"
          },
          {
            "image_urls": [
              "https://www.edeka24.de/out/pictures/generated/product/1/224_224_90/alnatura_bio_gemse_bouillon_ohne_zusatz_von_hefe_klein_6x_11_g.jpg"
            ],
            "ItemTitle": "Alnatura Bio Gemüse Bouillon ohne Zusatz von Hefe 6ST 66G",
            "ItemPrice": "1,19€",
            "ItemUnit": "18,03€/kg",
            "local_image_path": "Lebensmittel/Würzmittel & Brühen/alnatura_bio_gemse_bouillon_ohne_zusatz_von_hefe_klein_6x_11_g.jpg"
          },
          {
            "image_urls": [
              "https://www.edeka24.de/out/pictures/generated/product/1/224_224_90/maggi_wrzmischung_5_hackfleisch(1).jpg"
            ],
            "ItemTitle": "Maggi Würzmischung 5 - Hackfleisch 75G",
            "ItemPrice": "2,19€",
            "ItemUnit": "29,20€/kg",
            "local_image_path": "Lebensmittel/Würzmittel & Brühen/maggi_wrzmischung_5_hackfleisch(1).jpg"
          },
          {
            "image_urls": [
              "https://www.edeka24.de/out/pictures/generated/product/1/224_224_90/bad_reichenhaller_pommessalz_mjodampampfolsamp228ure_90g.jpg"
            ],
            "ItemTitle": "Bad Reichenhaller Pommes Salz 90G",
            "ItemPrice": "1,89€",
            "ItemUnit": "21,00€/kg",
            "local_image_path": "Wein/ Spirituosen/Spirituosen/highland_park_18_jahre_single_malt_whisky.jpg"
          },
          {
            "image_urls": [
              "https://www.edeka24.de/out/pictures/generated/product/1/224_224_90/top_taste_rstzwiebeln_100_g.jpg"
            ],
            "ItemTitle": "Top Taste Röstzwiebeln 100G",
            "ItemPrice": "1,79€",
            "ItemUnit": "17,90€/kg",
            "local_image_path": "Lebensmittel/Würzmittel & Brühen/top_taste_rstzwiebeln_100_g.jpg"
          },
          {
            "image_urls": [
              "https://www.edeka24.de/out/pictures/generated/product/1/224_224_90/alnatura_bio_dillspitzen_geschnitten.jpg"
            ],
            "ItemTitle": "Alnatura Bio Dillspitzen geschnitten 15G",
            "ItemPrice": "2,19€",
            "ItemUnit": "146,00€/kg",
            "local_image_path": "Lebensmittel/Würzmittel & Brühen/alnatura_bio_dillspitzen_geschnitten.jpg"
          },
          {
            "image_urls": [
              "https://www.edeka24.de/out/pictures/generated/product/1/224_224_90/hengstenberg_alte_liebe_rotweinessig_750_ml.jpg"
            ],
            "ItemTitle": "Hengstenberg Alte Liebe Rotweinessig 750ML",
            "ItemPrice": "2,49€",
            "ItemUnit": "3,32€/l",
            "local_image_path": "Lebensmittel/Würzmittel & Brühen/hengstenberg_alte_liebe_rotweinessig_750_ml.jpg"
          },
          {
            "image_urls": [
              "https://www.edeka24.de/out/pictures/generated/product/1/224_224_90/alnatura_bio_muskatnsse_ganz.jpg"
            ],
            "ItemTitle": "Alnatura Bio Muskatnüsse ganz 3ST",
            "ItemPrice": "3,29€",
            "ItemUnit": "1,10€/st",
            "local_image_path": "Wein/ Spirituosen/Spirituosen/highland_park_18_jahre_single_malt_whisky.jpg"
          },
          {
            "image_urls": [
              "https://www.edeka24.de/out/pictures/generated/product/1/224_224_90/alnatura_bio_kruter_der_provence_gewrzmischung.jpg"
            ],
            "ItemTitle": "Alnatura Bio Kräuter der Provence Gewürzmischung 25G",
            "ItemPrice": "2,19€",
            "ItemUnit": "87,60€/kg",
            "local_image_path": "Lebensmittel/Würzmittel & Brühen/alnatura_bio_kruter_der_provence_gewrzmischung.jpg"
          },
          {
            "image_urls": [
              "https://www.edeka24.de/out/pictures/generated/product/1/224_224_90/bad_reichenhaller_knoblauchsalz_mit_folsamp228ure_90g.jpg"
            ],
            "ItemTitle": "Bad Reichenhaller Knoblauch Salz 90G",
            "ItemPrice": "1,89€",
            "ItemUnit": "21,00€/kg",
            "local_image_path": "Lebensmittel/Würzmittel & Brühen/bad_reichenhaller_knoblauchsalz_mit_folsamp228ure_90g.jpg"
          },
          {
            "image_urls": [
              "https://www.edeka24.de/out/pictures/generated/product/1/224_224_90/maggi_gemamp252se_bramp252he_famp252r_8l_160g.jpg"
            ],
            "ItemTitle": "Maggi Gemüse Brühe für 8L 168G",
            "ItemPrice": "2,29€",
            "ItemUnit": "13,63€/kg",
            "local_image_path": "Lebensmittel/Würzmittel & Brühen/maggi_gemamp252se_bramp252he_famp252r_8l_160g.jpg"
          },
          {
            "image_urls": [
              "https://www.edeka24.de/out/pictures/generated/product/1/224_224_90/albaamp246l_schwedische_rapsamp246lzubereitung_mit_buttergeschmack_750ml.jpg"
            ],
            "ItemTitle": "Albaöl Schwedische Rapsölzubereitung mit Buttergeschmack 750ML",
            "ItemPrice": "7,49€",
            "ItemUnit": "9,99€/l",
            "local_image_path": "Wein/ Spirituosen/Spirituosen/highland_park_18_jahre_single_malt_whisky.jpg"
          },
          {
            "image_urls": [
              "https://www.edeka24.de/out/pictures/generated/product/1/224_224_90/bio_alnatura_hefeflocken_100g.jpg"
            ],
            "ItemTitle": "Alnatura Bio Hefeflocken 100G",
            "ItemPrice": "4,29€",
            "ItemUnit": "42,90€/kg",
            "local_image_path": "Bio-Produkte/Lebensmittel von Alnatura/bio_alnatura_hefeflocken_100g.jpg"
          },
          {
            "image_urls": [
              "https://www.edeka24.de/out/pictures/generated/product/1/224_224_90/ponticreme.jpg"
            ],
            "ItemTitle": "Ponti Crema all'aceto Balsamico di Modena Dunkel 250G",
            "ItemPrice": "4,29€",
            "ItemUnit": "17,16€/kg",
            "local_image_path": "Lebensmittel/Würzmittel & Brühen/ponticreme.jpg"
          },
          {
            "image_urls": [
              "https://www.edeka24.de/out/pictures/generated/product/1/224_224_90/alnatura_bio_gemse_bouillon_ohne_hefeextrakt_290_g.jpg"
            ],
            "ItemTitle": "Alnatura Bio Gemüse Bouillon ohne Hefe-Extrakt 290G",
            "ItemPrice": "3,99€",
            "ItemUnit": "13,76€/kg",
            "local_image_path": "Bio-Produkte/Lebensmittel von Alnatura/alnatura_bio_gemse_bouillon_ohne_hefeextrakt_290_g.jpg"
          },
          {
            "image_urls": [
              "https://www.edeka24.de/out/pictures/generated/product/1/224_224_90/knorr_salatkrnung_kchenkruter_5st_40g(1).jpg"
            ],
            "ItemTitle": "Knorr Salatkrönung Küchenkräuter 5ST 40G",
            "ItemPrice": "1,59€",
            "ItemUnit": "39,75€/kg",
            "local_image_path": "Wein/ Spirituosen/Spirituosen/highland_park_18_jahre_single_malt_whisky.jpg"
          },
          {
            "image_urls": [
              "https://www.edeka24.de/out/pictures/generated/product/1/224_224_90/maggi_food_travel_tikka_masala_style65g.jpg"
            ],
            "ItemTitle": "Maggi Food Travel Tikka Masala Style 65G",
            "ItemPrice": "1,19€",
            "ItemUnit": "18,31€/kg",
            "local_image_path": "Lebensmittel/Würzmittel & Brühen/maggi_food_travel_tikka_masala_style65g.jpg"
          },
          {
            "image_urls": [
              "https://www.edeka24.de/out/pictures/generated/product/1/224_224_90/erasco_1_portion_westflischer_linseneintopf_mit_essig.jpg"
            ],
            "ItemTitle": "Erasco 1 Portion Westfälischer Linsen-Eintopf mit Essig 400G",
            "ItemPrice": "1,89€",
            "ItemUnit": "4,73€/kg",
            "local_image_path": "Lebensmittel/Fertiggerichte/erasco_1_portion_westflischer_linseneintopf_mit_essig.jpg"
          },
          {
            "image_urls": [
              "https://www.edeka24.de/out/pictures/generated/product/1/224_224_90/bio_alnatura_weiamp223weinessig_05l.jpg"
            ],
            "ItemTitle": "Alnatura Bio Weißweinessig 0,5L",
            "ItemPrice": "2,29€",
            "ItemUnit": "4,58€/l",
            "local_image_path": "Lebensmittel/Würzmittel & Brühen/bio_alnatura_weiamp223weinessig_05l.jpg"
          },
          {
            "image_urls": [
              "https://www.edeka24.de/out/pictures/generated/product/1/224_224_90/bio_alnatura_kokosamp246l_nativ_220ml.jpg"
            ],
            "ItemTitle": "Alnatura Bio Kokosöl nativ 220ML",
            "ItemPrice": "3,29€",
            "ItemUnit": "14,95€/l",
            "local_image_path": "Lebensmittel/Internationales/bio_alnatura_kokosamp246l_nativ_220ml.jpg"
          },
          {
            "image_urls": [
              "https://www.edeka24.de/out/pictures/generated/product/1/224_224_90/bio_edeka_aceto_balsamico_di_modena_gga_500ml.jpg"
            ],
            "ItemTitle": "EDEKA Bio Aceto Balsamico di Modena g.g.A. 500ML",
            "ItemPrice": "2,59€",
            "ItemUnit": "5,18€/l",
            "local_image_path": "Bio-Produkte/Bio Marken/bio_edeka_aceto_balsamico_di_modena_gga_500ml.jpg"
          },
          {
            "image_urls": [
              "https://www.edeka24.de/out/pictures/generated/product/1/224_224_90/leimer_croutons_kruter_100_g.jpg"
            ],
            "ItemTitle": "Leimer Croutons Kräuter 100G",
            "ItemPrice": "1,69€",
            "ItemUnit": "16,90€/kg",
            "local_image_path": "Lebensmittel/Würzmittel & Brühen/leimer_croutons_kruter_100_g.jpg"
          },
          {
            "image_urls": [
              "https://www.edeka24.de/out/pictures/generated/product/1/224_224_90/leimer_eierschberl_suppeneinlage_50_g.jpg"
            ],
            "ItemTitle": "Leimer Eier-Schöberl Suppeneinlage 50G",
            "ItemPrice": "1,49€",
            "ItemUnit": "29,80€/kg",
            "local_image_path": "Lebensmittel/Beilagen/leimer_eierschberl_suppeneinlage_50_g.jpg"
          },
          {
            "image_urls": [
              "https://www.edeka24.de/out/pictures/generated/product/1/224_224_90/bad_reichenhaller_kruter_salz.jpg"
            ],
            "ItemTitle": "Bad Reichenhaller Kräuter Salz 90G",
            "ItemPrice": "1,89€",
            "ItemUnit": "21,00€/kg",
            "local_image_path": "Lebensmittel/Würzmittel & Brühen/bad_reichenhaller_kruter_salz.jpg"
          },
          {
            "image_urls": [
              "https://www.edeka24.de/out/pictures/generated/product/1/224_224_90/knorr_salat_krnung_universal_kruter.jpg"
            ],
            "ItemTitle": "Knorr Salat Krönung Universal Kräuter 500G",
            "ItemPrice": "13,99€",
            "ItemUnit": "27,98€/kg",
            "local_image_path": "Lebensmittel/Würzmittel & Brühen/knorr_salat_krnung_universal_kruter.jpg"
          },
          {
            "image_urls": [
              "https://www.edeka24.de/out/pictures/generated/product/1/224_224_90/ostmpommes_gewuerzzuberei70g.jpg"
            ],
            "ItemTitle": "Ostmann Pommes Gewürzsalz klassisch 70G",
            "ItemPrice": "2,49€",
            "ItemUnit": "35,57€/kg",
            "local_image_path": "Lebensmittel/Würzmittel & Brühen/ostmpommes_gewuerzzuberei70g.jpg"
          },
          {
            "image_urls": [
              "https://www.edeka24.de/out/pictures/generated/product/1/224_224_90/bio_alnatura_rosmarin_35g.jpg"
            ],
            "ItemTitle": "Alnatura Bio Rosmarin gerebelt 35G",
            "ItemPrice": "2,49€",
            "ItemUnit": "71,14€/kg",
            "local_image_path": "Bio-Produkte/Lebensmittel von Alnatura/bio_alnatura_rosmarin_35g.jpg"
          },
          {
            "image_urls": [
              "https://www.edeka24.de/out/pictures/generated/product/1/224_224_90/ostmann_kruter_der_provence_15g.jpg"
            ],
            "ItemTitle": "Ostmann Kräuter der Provence gerebelt 15G",
            "ItemPrice": "2,19€",
            "ItemUnit": "146,00€/kg",
            "local_image_path": "Wein/ Spirituosen/Spirituosen/highland_park_18_jahre_single_malt_whisky.jpg"
          },
          {
            "image_urls": [
              "https://www.edeka24.de/out/pictures/generated/product/1/224_224_90/ostmannthymiangerebelt.jpg"
            ],
            "ItemTitle": "Ostmann Thymian gerebelt 15G",
            "ItemPrice": "2,49€",
            "ItemUnit": "166,00€/kg",
            "local_image_path": "Lebensmittel/Würzmittel & Brühen/ostmannthymiangerebelt.jpg"
          },
          {
            "image_urls": [
              "https://www.edeka24.de/out/pictures/generated/product/1/224_224_90/ostmann_italienische_kruter_125g.jpg"
            ],
            "ItemTitle": "Ostmann Italienische Kräuter gerebelt 12,5G",
            "ItemPrice": "2,19€",
            "ItemUnit": "175,20€/kg",
            "local_image_path": "Wein/ Spirituosen/Spirituosen/highland_park_18_jahre_single_malt_whisky.jpg"
          },
          {
            "image_urls": [
              "https://www.edeka24.de/out/pictures/generated/product/1/224_224_90/ostmannzimtgemahlen.jpg"
            ],
            "ItemTitle": "Ostmann Zimt gemahlen 30G",
            "ItemPrice": "2,49€",
            "ItemUnit": "83,00€/kg",
            "local_image_path": "Wein/ Spirituosen/Spirituosen/highland_park_18_jahre_single_malt_whisky.jpg"
          },
          {
            "image_urls": [
              "https://www.edeka24.de/out/pictures/generated/product/1/224_224_90/pastaallrounder.jpg"
            ],
            "ItemTitle": "Just Spices Pasta Allrounder 45G",
            "ItemPrice": "5,49€",
            "ItemUnit": "122,00€/kg",
            "local_image_path": "Lebensmittel/Würzmittel & Brühen/pastaallrounder.jpg"
          },
          {
            "image_urls": [
              "https://www.edeka24.de/out/pictures/generated/product/1/224_224_90/alnatura_bio_gemse_bouillon_6x_11_g.jpg"
            ],
            "ItemTitle": "Alnatura Bio Gemüse Bouillon 6x 11G",
            "ItemPrice": "1,29€",
            "ItemUnit": "19,55€/kg",
            "local_image_path": "Bio-Produkte/Lebensmittel von Alnatura/alnatura_bio_gemse_bouillon_6x_11_g.jpg"
          },
          {
            "image_urls": [
              "https://www.edeka24.de/out/pictures/generated/product/1/224_224_90/alnatura_bio_rinder_bouillon_6x_11_g.jpg"
            ],
            "ItemTitle": "Alnatura Bio Rinder Bouillon 6ST 66G",
            "ItemPrice": "1,69€",
            "ItemUnit": "25,61€/kg",
            "local_image_path": "Lebensmittel/Würzmittel & Brühen/alnatura_bio_rinder_bouillon_6x_11_g.jpg"
          },
          {
            "image_urls": [
              "https://www.edeka24.de/out/pictures/generated/product/1/224_224_90/alnatura_meersalz_500g.jpg"
            ],
            "ItemTitle": "Alnatura Meersalz 500G",
            "ItemPrice": "1,05€",
            "ItemUnit": "2,10€/kg",
            "local_image_path": "Lebensmittel/Würzmittel & Brühen/alnatura_meersalz_500g.jpg"
          },
          {
            "image_urls": [
              "https://www.edeka24.de/out/pictures/generated/product/1/224_224_90/top_taste_ramp246stzwiebeln_bacon_100g.jpg"
            ],
            "ItemTitle": "Top Taste Röstzwiebeln Bacon 100G",
            "ItemPrice": "1,79€",
            "ItemUnit": "17,90€/kg",
            "local_image_path": "Lebensmittel/Würzmittel & Brühen/top_taste_ramp246stzwiebeln_bacon_100g.jpg"
          },
          {
            "image_urls": [
              "https://www.edeka24.de/out/pictures/generated/product/1/224_224_90/bio_alnatura_krutermeersalz_200g.jpg"
            ],
            "ItemTitle": "Bio Alnatura Kräuter-Meersalz 200G",
            "ItemPrice": "2,29€",
            "ItemUnit": "11,45€/kg",
            "local_image_path": "Lebensmittel/Würzmittel & Brühen/bio_alnatura_krutermeersalz_200g.jpg"
          },
          {
            "image_urls": [
              "https://www.edeka24.de/out/pictures/generated/product/1/224_224_90/edeka_italia_natives_olivenl_extra_aus_italien.jpg"
            ],
            "ItemTitle": "EDEKA Originale Natives Olivenöl extra aus Italien 500ML",
            "ItemPrice": "7,49€",
            "ItemUnit": "14,98€/l",
            "local_image_path": "Wein/ Spirituosen/Spirituosen/highland_park_18_jahre_single_malt_whisky.jpg"
          },
          {
            "image_urls": [
              "https://www.edeka24.de/out/pictures/generated/product/1/224_224_90/bio_alnatura_bratolivenamp246l_750ml(1).jpg"
            ],
            "ItemTitle": "Alnatura Bio Brat Olivenöl 0,75L",
            "ItemPrice": "11,99€",
            "ItemUnit": "15,99€/l",
            "local_image_path": "Lebensmittel/Würzmittel & Brühen/bio_alnatura_bratolivenamp246l_750ml(1).jpg"
          },
          {
            "image_urls": [
              "https://www.edeka24.de/out/pictures/generated/product/1/224_224_90/justspicesgemseallrounder.jpg"
            ],
            "ItemTitle": "Just Spices Gemüse Allrounder 75G",
            "ItemPrice": "5,49€",
            "ItemUnit": "73,20€/kg",
            "local_image_path": "Lebensmittel/Würzmittel & Brühen/justspicesgemseallrounder.jpg"
          },
          {
            "image_urls": [
              "https://www.edeka24.de/out/pictures/generated/product/1/224_224_90/maggi_herzenskamp252che_bolognese_classic_85g.jpg"
            ],
            "ItemTitle": "Maggi Herzensküche Spaghetti Bolognese 85G",
            "ItemPrice": "1,19€",
            "ItemUnit": "14,00€/kg",
            "local_image_path": "Lebensmittel/Würzmittel & Brühen/maggi_herzenskamp252che_bolognese_classic_85g.jpg"
          },
          {
            "image_urls": [
              "https://www.edeka24.de/out/pictures/generated/product/1/224_224_90/hengstenberg_weiweinessig_500_ml.jpg"
            ],
            "ItemTitle": "Hengstenberg Weißwein-Essig 0,5L",
            "ItemPrice": "2,99€",
            "ItemUnit": "5,98€/l",
            "local_image_path": "Wein/ Spirituosen/Spirituosen/highland_park_18_jahre_single_malt_whisky.jpg"
          },
          {
            "image_urls": [
              "https://www.edeka24.de/out/pictures/generated/product/1/224_224_90/aquasalzmhle.jpg"
            ],
            "ItemTitle": "Aquasale Grobes Meersalz naturbelassen Mühle 100G",
            "ItemPrice": "2,69€",
            "ItemUnit": "26,90€/kg",
            "local_image_path": "Wein/ Spirituosen/Spirituosen/highland_park_18_jahre_single_malt_whisky.jpg"
          },
          {
            "image_urls": [
              "https://www.edeka24.de/out/pictures/generated/product/1/224_224_90/knorr_salatkrnung_feldsalat_5st_40g.jpg"
            ],
            "ItemTitle": "Knorr Salatkrönung Feldsalat 5ST",
            "ItemPrice": "1,59€",
            "ItemUnit": "0,32€/st",
            "local_image_path": "Lebensmittel/Würzmittel & Brühen/knorr_salatkrnung_feldsalat_5st_40g.jpg"
          },
          {
            "image_urls": [
              "https://www.edeka24.de/out/pictures/generated/product/1/224_224_90/theo_der_essigbrauer_winzer_essig_05l.jpg"
            ],
            "ItemTitle": "Theo der Essigbrauer Winzer Essig 0,5l",
            "ItemPrice": "4,29€",
            "ItemUnit": "8,58€/l",
            "local_image_path": "Lebensmittel/Würzmittel & Brühen/theo_der_essigbrauer_winzer_essig_05l.jpg"
          },
          {
            "image_urls": [
              "https://www.edeka24.de/out/pictures/generated/product/1/224_224_90/gutampampgamp220nstig_steak_gewamp252rzsalz_mit_ganzen_pfefferkamp246rner_in_verstellbarer_einweg_mamp252hle_ampnbsp60g.jpg"
            ],
            "ItemTitle": "Gut & Günstig Steak Gewürzsalz 60G",
            "ItemPrice": "1,19€",
            "ItemUnit": "19,83€/kg",
            "local_image_path": "Lebensmittel/Würzmittel & Brühen/gutampampgamp220nstig_steak_gewamp252rzsalz_mit_ganzen_pfefferkamp246rner_in_verstellbarer_einweg_mamp252hle_ampnbsp60g.jpg"
          },
          {
            "image_urls": [
              "https://www.edeka24.de/out/pictures/generated/product/1/224_224_90/fuchs_chilipfeffer_hot_35g.jpg"
            ],
            "ItemTitle": "Fuchs Chilipfeffer hot 35G",
            "ItemPrice": "5,49€",
            "ItemUnit": "156,86€/kg",
            "local_image_path": "Lebensmittel/Würzmittel & Brühen/fuchs_chilipfeffer_hot_35g.jpg"
          },
          {
            "image_urls": [
              "https://www.edeka24.de/out/pictures/generated/product/1/224_224_90/hengstenberg_milder_apfel_balsamessig_500_ml.jpg"
            ],
            "ItemTitle": "Hengstenberg Milder Apfel Balsamessig 500ML",
            "ItemPrice": "3,79€",
            "ItemUnit": "7,58€/l",
            "local_image_path": "Lebensmittel/Würzmittel & Brühen/hengstenberg_milder_apfel_balsamessig_500_ml.jpg"
          },
          {
            "image_urls": [
              "https://www.edeka24.de/out/pictures/generated/product/1/224_224_90/mazzetti_balsessig_tipico05l.jpg"
            ],
            "ItemTitle": "Mazzetti Aceto Balsamico Di Modena I.G.P. 0,5L",
            "ItemPrice": "4,49€",
            "ItemUnit": "8,98€/l",
            "local_image_path": "Lebensmittel/Würzmittel & Brühen/mazzetti_balsessig_tipico05l.jpg"
          },
          {
            "image_urls": [
              "https://www.edeka24.de/out/pictures/generated/product/1/224_224_90/naturgut_reines_natursalz_ohne_zustze_1kg.jpg"
            ],
            "ItemTitle": "NaturGut Reines Natursalz ohne Zusätze 1KG",
            "ItemPrice": "4,99€",
            "ItemUnit": "4,99€/kg",
            "local_image_path": "Wein/ Spirituosen/Spirituosen/highland_park_18_jahre_single_malt_whisky.jpg"
          },
          {
            "image_urls": [
              "https://www.edeka24.de/out/pictures/generated/product/1/224_224_90/reichenhjodsalz_500g_dose.jpg"
            ],
            "ItemTitle": "Bad Reichenhaller Alpen Jodsalz 500G",
            "ItemPrice": "1,39€",
            "ItemUnit": "2,78€/kg",
            "local_image_path": "Wein/ Spirituosen/Spirituosen/highland_park_18_jahre_single_malt_whisky.jpg"
          },
          {
            "image_urls": [
              "https://www.edeka24.de/out/pictures/generated/product/1/224_224_90/block_house_gruener_knoblauchpfeffer_50g.jpg"
            ],
            "ItemTitle": "Block House Knoblauch Pfeffer 50G",
            "ItemSalePrice": "2,99€",
            "ItemUnit": "59,80€/kg",
            "local_image_path": "Wein/ Spirituosen/Spirituosen/highland_park_18_jahre_single_malt_whisky.jpg"
          },
          {
            "image_urls": [
              "https://www.edeka24.de/out/pictures/generated/product/1/224_224_90/edeka_italia_aceto_balsamico_di_modena_igp_invecchiato_250ml.jpg"
            ],
            "ItemTitle": "Edeka Italia Aceto Balsamico di Modena I.G.P. Invecchiato 250ML",
            "ItemPrice": "5,29€",
            "ItemUnit": "21,16€/l",
            "local_image_path": "Lebensmittel/Würzmittel & Brühen/edeka_italia_aceto_balsamico_di_modena_igp_invecchiato_250ml.jpg"
          },
          {
            "image_urls": [
              "https://www.edeka24.de/out/pictures/generated/product/1/224_224_90/saldoroursalzfeinschachtel.jpg"
            ],
            "ItemTitle": "Saldoro Ursalz Feine Körnung 600G",
            "ItemPrice": "0,89€",
            "ItemUnit": "1,48€/kg",
            "local_image_path": "Lebensmittel/Würzmittel & Brühen/saldoroursalzfeinschachtel.jpg"
          },
          {
            "image_urls": [
              "https://www.edeka24.de/out/pictures/generated/product/1/224_224_90/bertcuci.jpg"
            ],
            "ItemTitle": "Bertolli Cucina Olivenöl 0,5L",
            "ItemPrice": "8,49€",
            "ItemUnit": "16,98€/l",
            "local_image_path": "Wein/ Spirituosen/Spirituosen/highland_park_18_jahre_single_malt_whisky.jpg"
          },
          {
            "image_urls": [
              "https://www.edeka24.de/out/pictures/generated/product/1/224_224_90/ostmann_bunter_pfeffer_gewamp252rzmischung_70g.jpg"
            ],
            "ItemTitle": "Ostmann Bunter Pfeffer Gewürzmischung 70G",
            "ItemPrice": "3,99€",
            "ItemUnit": "57,00€/kg",
            "local_image_path": "Lebensmittel/Würzmittel & Brühen/ostmann_bunter_pfeffer_gewamp252rzmischung_70g.jpg"
          },
          {
            "image_urls": [
              "https://www.edeka24.de/out/pictures/generated/product/1/224_224_90/bio_alnatura_kurkuma_gemahlen_60g.jpg"
            ],
            "ItemTitle": "Alnatura Bio Kurkuma gemahlen 60G",
            "ItemPrice": "2,79€",
            "ItemUnit": "46,50€/kg",
            "local_image_path": "Lebensmittel/Würzmittel & Brühen/bio_alnatura_kurkuma_gemahlen_60g.jpg"
          },
          {
            "image_urls": [
              "https://www.edeka24.de/out/pictures/generated/product/1/224_224_90/jskruterquarkmix.jpg"
            ],
            "ItemTitle": "Just Spices Kräuter Quark Mix 35G",
            "ItemPrice": "3,99€",
            "ItemUnit": "114,00€/kg",
            "local_image_path": "Lebensmittel/Würzmittel & Brühen/jskruterquarkmix.jpg"
          },
          {
            "image_urls": [
              "https://www.edeka24.de/out/pictures/generated/product/1/224_224_90/theo_der_essigbrauer_1868_balsam_250ml.jpg"
            ],
            "ItemTitle": "Theo der Essigbrauer 1868 Balsam 250ML",
            "ItemPrice": "5,49€",
            "ItemUnit": "21,96€/l",
            "local_image_path": "Lebensmittel/Würzmittel & Brühen/theo_der_essigbrauer_1868_balsam_250ml.jpg"
          },
          {
            "image_urls": [
              "https://www.edeka24.de/out/pictures/generated/product/1/224_224_90/justspicespizzagewrz.jpg"
            ],
            "ItemTitle": "Just Spices Pizzagewürz 43G",
            "ItemPrice": "4,99€",
            "ItemUnit": "116,05€/kg",
            "local_image_path": "Lebensmittel/Würzmittel & Brühen/justspicespizzagewrz.jpg"
          },
          {
            "image_urls": [
              "https://www.edeka24.de/out/pictures/generated/product/1/224_224_90/maggi_food_travel_curry_thai_style_65g.jpg"
            ],
            "ItemTitle": "Maggi Food Travel Curry Thai Style 65G",
            "ItemPrice": "1,19€",
            "ItemUnit": "18,31€/kg",
            "local_image_path": "Lebensmittel/Internationales/maggi_food_travel_curry_thai_style_65g.jpg"
          },
          {
            "image_urls": [
              "https://www.edeka24.de/out/pictures/generated/product/1/224_224_90/leimer_croutons_mit_zwiebelknoblauch.jpg"
            ],
            "ItemTitle": "Leimer Croutons mit Zwiebel/Knoblauch 100G",
            "ItemPrice": "1,69€",
            "ItemUnit": "16,90€/kg",
            "local_image_path": "Lebensmittel/Würzmittel & Brühen/leimer_croutons_mit_zwiebelknoblauch.jpg"
          },
          {
            "image_urls": [
              "https://www.edeka24.de/out/pictures/generated/product/1/224_224_90/ostmann_muskatnuss_gemahlen_35g.jpg"
            ],
            "ItemTitle": "Ostmann Muskatnuss gemahlen 35G",
            "ItemPrice": "3,19€",
            "ItemUnit": "91,14€/kg",
            "local_image_path": "Lebensmittel/Würzmittel & Brühen/ostmann_muskatnuss_gemahlen_35g.jpg"
          },
          {
            "image_urls": [
              "https://www.edeka24.de/out/pictures/generated/product/1/224_224_90/aquasale_grobes_meersalz_1kg.jpg"
            ],
            "ItemTitle": "Aquasale Grobes Meersalz 1KG",
            "ItemPrice": "2,29€",
            "ItemUnit": "2,29€/kg",
            "local_image_path": "Lebensmittel/Würzmittel & Brühen/aquasale_grobes_meersalz_1kg.jpg"
          },
          {
            "image_urls": [
              "https://www.edeka24.de/out/pictures/generated/product/1/224_224_90/alnaturahhnerbouilllon.jpg"
            ],
            "ItemTitle": "Alnatura Bio Hühner Bouillon 140G",
            "ItemPrice": "3,19€",
            "ItemUnit": "22,79€/kg",
            "local_image_path": "Bio-Produkte/Lebensmittel von Alnatura/alnaturahhnerbouilllon.jpg"
          },
          {
            "image_urls": [
              "https://www.edeka24.de/out/pictures/generated/product/1/224_224_90/gutampampgamp220nstig_meersalz_mit_verstellbarer_einweg_mamp252hle_110g.jpg"
            ],
            "ItemTitle": "Gut & Günstig Meersalz grobe Körner 110G",
            "ItemPrice": "1,19€",
            "ItemUnit": "10,82€/kg",
            "local_image_path": "Lebensmittel/Würzmittel & Brühen/gutampampgamp220nstig_meersalz_mit_verstellbarer_einweg_mamp252hle_110g.jpg"
          },
          {
            "image_urls": [
              "https://www.edeka24.de/out/pictures/generated/product/1/224_224_90/alnatura_bio_condimento_bianco_500_ml.jpg"
            ],
            "ItemTitle": "Alnatura Bio Condimento Bianco 500ML",
            "ItemPrice": "3,49€",
            "ItemUnit": "6,98€/l",
            "local_image_path": "Lebensmittel/Würzmittel & Brühen/alnatura_bio_condimento_bianco_500_ml.jpg"
          },
          {
            "image_urls": [
              "https://www.edeka24.de/out/pictures/generated/product/1/224_224_90/alnatura_bio_schwarzer_pfeffer_ganz.jpg"
            ],
            "ItemTitle": "Alnatura Bio Schwarzer Pfeffer ganz 70G",
            "ItemPrice": "3,49€",
            "ItemUnit": "49,86€/kg",
            "local_image_path": "Lebensmittel/Würzmittel & Brühen/alnatura_bio_schwarzer_pfeffer_ganz.jpg"
          },
          {
            "image_urls": [
              "https://www.edeka24.de/out/pictures/generated/product/1/224_224_90/ostmannoreganogerebelt.jpg"
            ],
            "ItemTitle": "Ostmann Oregano gerebelt 12,5G",
            "ItemPrice": "2,19€",
            "ItemUnit": "175,20€/kg",
            "local_image_path": "Wein/ Spirituosen/Spirituosen/highland_park_18_jahre_single_malt_whisky.jpg"
          },
          {
            "image_urls": [
              "https://www.edeka24.de/out/pictures/generated/product/1/224_224_90/justspicesgemseallrounder.jpg"
            ],
            "ItemTitle": "Just Spices Gemüse Allrounder 75G",
            "ItemPrice": "5,49€",
            "ItemUnit": "73,20€/kg",
            "local_image_path": "Lebensmittel/Würzmittel & Brühen/justspicesgemseallrounder.jpg"
          },
          {
            "image_urls": [
              "https://www.edeka24.de/out/pictures/generated/product/1/224_224_90/maggi_herzenskamp252che_bolognese_classic_85g.jpg"
            ],
            "ItemTitle": "Maggi Herzensküche Spaghetti Bolognese 85G",
            "ItemPrice": "1,19€",
            "ItemUnit": "14,00€/kg",
            "local_image_path": "Lebensmittel/Würzmittel & Brühen/maggi_herzenskamp252che_bolognese_classic_85g.jpg"
          },
          {
            "image_urls": [
              "https://www.edeka24.de/out/pictures/generated/product/1/224_224_90/hengstenberg_weiweinessig_500_ml.jpg"
            ],
            "ItemTitle": "Hengstenberg Weißwein-Essig 0,5L",
            "ItemPrice": "2,99€",
            "ItemUnit": "5,98€/l",
            "local_image_path": "Wein/ Spirituosen/Spirituosen/highland_park_18_jahre_single_malt_whisky.jpg"
          },
          {
            "image_urls": [
              "https://www.edeka24.de/out/pictures/generated/product/1/224_224_90/aquasalzmhle.jpg"
            ],
            "ItemTitle": "Aquasale Grobes Meersalz naturbelassen Mühle 100G",
            "ItemPrice": "2,69€",
            "ItemUnit": "26,90€/kg",
            "local_image_path": "Wein/ Spirituosen/Spirituosen/highland_park_18_jahre_single_malt_whisky.jpg"
          },
          {
            "image_urls": [
              "https://www.edeka24.de/out/pictures/generated/product/1/224_224_90/knorr_salatkrnung_feldsalat_5st_40g.jpg"
            ],
            "ItemTitle": "Knorr Salatkrönung Feldsalat 5ST",
            "ItemPrice": "1,59€",
            "ItemUnit": "0,32€/st",
            "local_image_path": "Lebensmittel/Würzmittel & Brühen/knorr_salatkrnung_feldsalat_5st_40g.jpg"
          },
          {
            "image_urls": [
              "https://www.edeka24.de/out/pictures/generated/product/1/224_224_90/theo_der_essigbrauer_winzer_essig_05l.jpg"
            ],
            "ItemTitle": "Theo der Essigbrauer Winzer Essig 0,5l",
            "ItemPrice": "4,29€",
            "ItemUnit": "8,58€/l",
            "local_image_path": "Lebensmittel/Würzmittel & Brühen/theo_der_essigbrauer_winzer_essig_05l.jpg"
          },
          {
            "image_urls": [
              "https://www.edeka24.de/out/pictures/generated/product/1/224_224_90/gutampampgamp220nstig_steak_gewamp252rzsalz_mit_ganzen_pfefferkamp246rner_in_verstellbarer_einweg_mamp252hle_ampnbsp60g.jpg"
            ],
            "ItemTitle": "Gut & Günstig Steak Gewürzsalz 60G",
            "ItemPrice": "1,19€",
            "ItemUnit": "19,83€/kg",
            "local_image_path": "Lebensmittel/Würzmittel & Brühen/gutampampgamp220nstig_steak_gewamp252rzsalz_mit_ganzen_pfefferkamp246rner_in_verstellbarer_einweg_mamp252hle_ampnbsp60g.jpg"
          },
          {
            "image_urls": [
              "https://www.edeka24.de/out/pictures/generated/product/1/224_224_90/fuchs_chilipfeffer_hot_35g.jpg"
            ],
            "ItemTitle": "Fuchs Chilipfeffer hot 35G",
            "ItemPrice": "5,49€",
            "ItemUnit": "156,86€/kg",
            "local_image_path": "Lebensmittel/Würzmittel & Brühen/fuchs_chilipfeffer_hot_35g.jpg"
          },
          {
            "image_urls": [
              "https://www.edeka24.de/out/pictures/generated/product/1/224_224_90/hengstenberg_milder_apfel_balsamessig_500_ml.jpg"
            ],
            "ItemTitle": "Hengstenberg Milder Apfel Balsamessig 500ML",
            "ItemPrice": "3,79€",
            "ItemUnit": "7,58€/l",
            "local_image_path": "Lebensmittel/Würzmittel & Brühen/hengstenberg_milder_apfel_balsamessig_500_ml.jpg"
          },
          {
            "image_urls": [
              "https://www.edeka24.de/out/pictures/generated/product/1/224_224_90/mazzetti_balsessig_tipico05l.jpg"
            ],
            "ItemTitle": "Mazzetti Aceto Balsamico Di Modena I.G.P. 0,5L",
            "ItemPrice": "4,49€",
            "ItemUnit": "8,98€/l",
            "local_image_path": "Lebensmittel/Würzmittel & Brühen/mazzetti_balsessig_tipico05l.jpg"
          },
          {
            "image_urls": [
              "https://www.edeka24.de/out/pictures/generated/product/1/224_224_90/naturgut_reines_natursalz_ohne_zustze_1kg.jpg"
            ],
            "ItemTitle": "NaturGut Reines Natursalz ohne Zusätze 1KG",
            "ItemPrice": "4,99€",
            "ItemUnit": "4,99€/kg",
            "local_image_path": "Wein/ Spirituosen/Spirituosen/highland_park_18_jahre_single_malt_whisky.jpg"
          },
          {
            "image_urls": [
              "https://www.edeka24.de/out/pictures/generated/product/1/224_224_90/reichenhjodsalz_500g_dose.jpg"
            ],
            "ItemTitle": "Bad Reichenhaller Alpen Jodsalz 500G",
            "ItemPrice": "1,39€",
            "ItemUnit": "2,78€/kg",
            "local_image_path": "Wein/ Spirituosen/Spirituosen/highland_park_18_jahre_single_malt_whisky.jpg"
          },
          {
            "image_urls": [
              "https://www.edeka24.de/out/pictures/generated/product/1/224_224_90/block_house_gruener_knoblauchpfeffer_50g.jpg"
            ],
            "ItemTitle": "Block House Knoblauch Pfeffer 50G",
            "ItemSalePrice": "2,99€",
            "ItemUnit": "59,80€/kg",
            "local_image_path": "Wein/ Spirituosen/Spirituosen/highland_park_18_jahre_single_malt_whisky.jpg"
          },
          {
            "image_urls": [
              "https://www.edeka24.de/out/pictures/generated/product/1/224_224_90/edeka_italia_aceto_balsamico_di_modena_igp_invecchiato_250ml.jpg"
            ],
            "ItemTitle": "Edeka Italia Aceto Balsamico di Modena I.G.P. Invecchiato 250ML",
            "ItemPrice": "5,29€",
            "ItemUnit": "21,16€/l",
            "local_image_path": "Lebensmittel/Würzmittel & Brühen/edeka_italia_aceto_balsamico_di_modena_igp_invecchiato_250ml.jpg"
          },
          {
            "image_urls": [
              "https://www.edeka24.de/out/pictures/generated/product/1/224_224_90/saldoroursalzfeinschachtel.jpg"
            ],
            "ItemTitle": "Saldoro Ursalz Feine Körnung 600G",
            "ItemPrice": "0,89€",
            "ItemUnit": "1,48€/kg",
            "local_image_path": "Lebensmittel/Würzmittel & Brühen/saldoroursalzfeinschachtel.jpg"
          },
          {
            "image_urls": [
              "https://www.edeka24.de/out/pictures/generated/product/1/224_224_90/bertcuci.jpg"
            ],
            "ItemTitle": "Bertolli Cucina Olivenöl 0,5L",
            "ItemPrice": "8,49€",
            "ItemUnit": "16,98€/l",
            "local_image_path": "Wein/ Spirituosen/Spirituosen/highland_park_18_jahre_single_malt_whisky.jpg"
          },
          {
            "image_urls": [
              "https://www.edeka24.de/out/pictures/generated/product/1/224_224_90/ostmann_bunter_pfeffer_gewamp252rzmischung_70g.jpg"
            ],
            "ItemTitle": "Ostmann Bunter Pfeffer Gewürzmischung 70G",
            "ItemPrice": "3,99€",
            "ItemUnit": "57,00€/kg",
            "local_image_path": "Lebensmittel/Würzmittel & Brühen/ostmann_bunter_pfeffer_gewamp252rzmischung_70g.jpg"
          },
          {
            "image_urls": [
              "https://www.edeka24.de/out/pictures/generated/product/1/224_224_90/bio_alnatura_kurkuma_gemahlen_60g.jpg"
            ],
            "ItemTitle": "Alnatura Bio Kurkuma gemahlen 60G",
            "ItemPrice": "2,79€",
            "ItemUnit": "46,50€/kg",
            "local_image_path": "Lebensmittel/Würzmittel & Brühen/bio_alnatura_kurkuma_gemahlen_60g.jpg"
          },
          {
            "image_urls": [
              "https://www.edeka24.de/out/pictures/generated/product/1/224_224_90/jskruterquarkmix.jpg"
            ],
            "ItemTitle": "Just Spices Kräuter Quark Mix 35G",
            "ItemPrice": "3,99€",
            "ItemUnit": "114,00€/kg",
            "local_image_path": "Lebensmittel/Würzmittel & Brühen/jskruterquarkmix.jpg"
          },
          {
            "image_urls": [
              "https://www.edeka24.de/out/pictures/generated/product/1/224_224_90/theo_der_essigbrauer_1868_balsam_250ml.jpg"
            ],
            "ItemTitle": "Theo der Essigbrauer 1868 Balsam 250ML",
            "ItemPrice": "5,49€",
            "ItemUnit": "21,96€/l",
            "local_image_path": "Lebensmittel/Würzmittel & Brühen/theo_der_essigbrauer_1868_balsam_250ml.jpg"
          },
          {
            "image_urls": [
              "https://www.edeka24.de/out/pictures/generated/product/1/224_224_90/justspicespizzagewrz.jpg"
            ],
            "ItemTitle": "Just Spices Pizzagewürz 43G",
            "ItemPrice": "4,99€",
            "ItemUnit": "116,05€/kg",
            "local_image_path": "Lebensmittel/Würzmittel & Brühen/justspicespizzagewrz.jpg"
          },
          {
            "image_urls": [
              "https://www.edeka24.de/out/pictures/generated/product/1/224_224_90/maggi_food_travel_curry_thai_style_65g.jpg"
            ],
            "ItemTitle": "Maggi Food Travel Curry Thai Style 65G",
            "ItemPrice": "1,19€",
            "ItemUnit": "18,31€/kg",
            "local_image_path": "Lebensmittel/Internationales/maggi_food_travel_curry_thai_style_65g.jpg"
          },
          {
            "image_urls": [
              "https://www.edeka24.de/out/pictures/generated/product/1/224_224_90/leimer_croutons_mit_zwiebelknoblauch.jpg"
            ],
            "ItemTitle": "Leimer Croutons mit Zwiebel/Knoblauch 100G",
            "ItemPrice": "1,69€",
            "ItemUnit": "16,90€/kg",
            "local_image_path": "Lebensmittel/Würzmittel & Brühen/leimer_croutons_mit_zwiebelknoblauch.jpg"
          },
          {
            "image_urls": [
              "https://www.edeka24.de/out/pictures/generated/product/1/224_224_90/ostmann_muskatnuss_gemahlen_35g.jpg"
            ],
            "ItemTitle": "Ostmann Muskatnuss gemahlen 35G",
            "ItemPrice": "3,19€",
            "ItemUnit": "91,14€/kg",
            "local_image_path": "Lebensmittel/Würzmittel & Brühen/ostmann_muskatnuss_gemahlen_35g.jpg"
          },
          {
            "image_urls": [
              "https://www.edeka24.de/out/pictures/generated/product/1/224_224_90/aquasale_grobes_meersalz_1kg.jpg"
            ],
            "ItemTitle": "Aquasale Grobes Meersalz 1KG",
            "ItemPrice": "2,29€",
            "ItemUnit": "2,29€/kg",
            "local_image_path": "Lebensmittel/Würzmittel & Brühen/aquasale_grobes_meersalz_1kg.jpg"
          },
          {
            "image_urls": [
              "https://www.edeka24.de/out/pictures/generated/product/1/224_224_90/alnaturahhnerbouilllon.jpg"
            ],
            "ItemTitle": "Alnatura Bio Hühner Bouillon 140G",
            "ItemPrice": "3,19€",
            "ItemUnit": "22,79€/kg",
            "local_image_path": "Bio-Produkte/Lebensmittel von Alnatura/alnaturahhnerbouilllon.jpg"
          },
          {
            "image_urls": [
              "https://www.edeka24.de/out/pictures/generated/product/1/224_224_90/gutampampgamp220nstig_meersalz_mit_verstellbarer_einweg_mamp252hle_110g.jpg"
            ],
            "ItemTitle": "Gut & Günstig Meersalz grobe Körner 110G",
            "ItemPrice": "1,19€",
            "ItemUnit": "10,82€/kg",
            "local_image_path": "Lebensmittel/Würzmittel & Brühen/gutampampgamp220nstig_meersalz_mit_verstellbarer_einweg_mamp252hle_110g.jpg"
          },
          {
            "image_urls": [
              "https://www.edeka24.de/out/pictures/generated/product/1/224_224_90/alnatura_bio_condimento_bianco_500_ml.jpg"
            ],
            "ItemTitle": "Alnatura Bio Condimento Bianco 500ML",
            "ItemPrice": "3,49€",
            "ItemUnit": "6,98€/l",
            "local_image_path": "Lebensmittel/Würzmittel & Brühen/alnatura_bio_condimento_bianco_500_ml.jpg"
          },
          {
            "image_urls": [
              "https://www.edeka24.de/out/pictures/generated/product/1/224_224_90/alnatura_bio_schwarzer_pfeffer_ganz.jpg"
            ],
            "ItemTitle": "Alnatura Bio Schwarzer Pfeffer ganz 70G",
            "ItemPrice": "3,49€",
            "ItemUnit": "49,86€/kg",
            "local_image_path": "Lebensmittel/Würzmittel & Brühen/alnatura_bio_schwarzer_pfeffer_ganz.jpg"
          },
          {
            "image_urls": [
              "https://www.edeka24.de/out/pictures/generated/product/1/224_224_90/ostmannoreganogerebelt.jpg"
            ],
            "ItemTitle": "Ostmann Oregano gerebelt 12,5G",
            "ItemPrice": "2,19€",
            "ItemUnit": "175,20€/kg",
            "local_image_path": "Wein/ Spirituosen/Spirituosen/highland_park_18_jahre_single_malt_whisky.jpg"
          },
          {
            "image_urls": [
              "https://www.edeka24.de/out/pictures/generated/product/1/224_224_90/fuchsagiloogilo.jpg"
            ],
            "ItemTitle": "Fuchs Aglio e Olio Gewürz 50G",
            "ItemPrice": "3,99€",
            "ItemUnit": "79,80€/kg",
            "local_image_path": "Wein/ Spirituosen/Spirituosen/highland_park_18_jahre_single_malt_whisky.jpg"
          },
          {
            "image_urls": [
              "https://www.edeka24.de/out/pictures/generated/product/1/224_224_90/maggi_food_travel_wamp252rzpaste_teriyaki_style_65g.jpg"
            ],
            "ItemTitle": "Maggi Food Travel Teriyaki Style 65G",
            "ItemPrice": "1,19€",
            "ItemUnit": "18,31€/kg",
            "local_image_path": "Lebensmittel/Würzmittel & Brühen/maggi_food_travel_wamp252rzpaste_teriyaki_style_65g.jpg"
          },
          {
            "image_urls": [
              "https://www.edeka24.de/out/pictures/generated/product/1/224_224_90/fuchs_chiliflocken_40g.jpg"
            ],
            "ItemTitle": "Fuchs Chiliflocken 40G",
            "ItemPrice": "5,29€",
            "ItemUnit": "132,25€/kg",
            "local_image_path": "Lebensmittel/Würzmittel & Brühen/fuchs_chiliflocken_40g.jpg"
          },
          {
            "image_urls": [
              "https://www.edeka24.de/out/pictures/generated/product/1/224_224_90/deutsches_essigbrauhaus_deutscher_balsamico_fruchtig.jpg"
            ],
            "ItemTitle": "Deutsches Essig-Brauhaus Deutscher Balsamico fruchtig 350ML",
            "ItemPrice": "4,79€",
            "ItemUnit": "13,69€/l",
            "local_image_path": "Lebensmittel/Würzmittel & Brühen/deutsches_essigbrauhaus_deutscher_balsamico_fruchtig.jpg"
          },
          {
            "image_urls": [
              "https://www.edeka24.de/out/pictures/generated/product/1/224_224_90/maggi_food_travel_sweet_chili_style_65g.jpg"
            ],
            "ItemTitle": "Maggi Food Travel Sweet Chili Style 65G",
            "ItemPrice": "1,19€",
            "ItemUnit": "18,31€/kg",
            "local_image_path": "Lebensmittel/Internationales/maggi_food_travel_sweet_chili_style_65g.jpg"
          },
          {
            "image_urls": [
              "https://www.edeka24.de/out/pictures/generated/product/1/224_224_90/knorr_salatkrnung_frhlingskruter_5st_40g.jpg"
            ],
            "ItemTitle": "Knorr Salatkrönung Frühlingskräuter 5ST",
            "ItemPrice": "1,59€",
            "ItemUnit": "0,32€/st",
            "local_image_path": "Lebensmittel/Würzmittel & Brühen/knorr_salatkrnung_frhlingskruter_5st_40g.jpg"
          },
          {
            "image_urls": [
              "https://www.edeka24.de/out/pictures/generated/product/1/224_224_90/ostmann_majoran_gerebelt_75g.jpg"
            ],
            "ItemTitle": "Ostmann Majoran gerebelt 7,5G",
            "ItemPrice": "2,19€",
            "ItemUnit": "",
            "local_image_path": "Lebensmittel/Würzmittel & Brühen/ostmann_majoran_gerebelt_75g.jpg"
          },
          {
            "image_urls": [
              "https://www.edeka24.de/out/pictures/generated/product/1/224_224_90/ostmann_kurkuma_gemahlen_35g.jpg"
            ],
            "ItemTitle": "Ostmann Kurkuma gemahlen 35G",
            "ItemPrice": "2,39€",
            "ItemUnit": "68,29€/kg",
            "local_image_path": "Lebensmittel/Würzmittel & Brühen/ostmann_kurkuma_gemahlen_35g.jpg"
          },
          {
            "image_urls": [
              "https://www.edeka24.de/out/pictures/generated/product/1/224_224_90/debdeutbalsamwrz.jpg"
            ],
            "ItemTitle": "Deutsches Essig-Brauhaus Deutscher Balsamico würzig 350ML",
            "ItemPrice": "4,79€",
            "ItemUnit": "13,69€/l",
            "local_image_path": "Lebensmittel/Würzmittel & Brühen/debdeutbalsamwrz.jpg"
          },
          {
            "image_urls": [
              "https://www.edeka24.de/out/pictures/generated/product/1/224_224_90/hengstenberg_klassischer_rotwein_essig_500_ml.jpg"
            ],
            "ItemTitle": "Hengstenberg Klassischer Rotwein Essig 500ML",
            "ItemPrice": "2,99€",
            "ItemUnit": "5,98€/l",
            "local_image_path": "Lebensmittel/Würzmittel & Brühen/hengstenberg_klassischer_rotwein_essig_500_ml.jpg"
          },
          {
            "image_urls": [
              "https://www.edeka24.de/out/pictures/generated/product/1/224_224_90/bad_reichenhaller_alpensalz_grob_500g.jpg"
            ],
            "ItemTitle": "Bad Reichenhaller Alpensalz grob 500G",
            "ItemPrice": "2,69€",
            "ItemUnit": "5,38€/kg",
            "local_image_path": "Lebensmittel/Würzmittel & Brühen/bad_reichenhaller_alpensalz_grob_500g.jpg"
          },
          {
            "image_urls": [
              "https://www.edeka24.de/out/pictures/generated/product/1/224_224_90/balemasam_apfel_2017.jpg"
            ],
            "ItemTitle": "Deutsches Essig-Brauhaus Apfel Balemasam 350ML",
            "ItemPrice": "4,79€",
            "ItemUnit": "13,69€/l",
            "local_image_path": "Lebensmittel/Würzmittel & Brühen/balemasam_apfel_2017.jpg"
          },
          {
            "image_urls": [
              "https://www.edeka24.de/out/pictures/generated/product/1/224_224_90/alnatura_bio_curry_gewrzmischung.jpg"
            ],
            "ItemTitle": "Alnatura Bio Curry Gewürzmischung 60G",
            "ItemPrice": "3,49€",
            "ItemUnit": "58,17€/kg",
            "local_image_path": "Lebensmittel/Würzmittel & Brühen/alnatura_bio_curry_gewrzmischung.jpg"
          },
          {
            "image_urls": [
              "https://www.edeka24.de/out/pictures/generated/product/1/224_224_90/fuchs_ras_el_hanout_wamp252rzmischung_45g.jpg"
            ],
            "ItemTitle": "Fuchs Ras el Hanout Gewürzmischung 45G",
            "ItemPrice": "5,59€",
            "ItemUnit": "124,22€/kg",
            "local_image_path": "Lebensmittel/Würzmittel & Brühen/fuchs_ras_el_hanout_wamp252rzmischung_45g.jpg"
          },
          {
            "image_urls": [
              "https://www.edeka24.de/out/pictures/generated/product/1/224_224_90/byodoaceto.jpg"
            ],
            "ItemTitle": "Byodo Bio Aceto Balsamico di Modena 0,5L",
            "ItemPrice": "5,99€",
            "ItemUnit": "11,98€/l",
            "local_image_path": "Lebensmittel/Würzmittel & Brühen/byodoaceto.jpg"
          },
          {
            "image_urls": [
              "https://www.edeka24.de/out/pictures/generated/product/1/224_224_90/alnatura_bio_majoran_gerebelt.jpg"
            ],
            "ItemTitle": "Alnatura Bio Majoran gerebelt 12,5G",
            "ItemPrice": "2,19€",
            "ItemUnit": "175,20€/kg",
            "local_image_path": "Lebensmittel/Würzmittel & Brühen/alnatura_bio_majoran_gerebelt.jpg"
          },
          {
            "image_urls": [
              "https://www.edeka24.de/out/pictures/generated/product/1/224_224_90/ponti_aceto_balsamico_di_modena_500ml.jpg"
            ],
            "ItemTitle": "Ponti Aceto Balsamico di Modena I.G.P. 500ML",
            "ItemPrice": "4,79€",
            "ItemUnit": "9,58€/l",
            "local_image_path": "Lebensmittel/Würzmittel & Brühen/ponti_aceto_balsamico_di_modena_500ml.jpg"
          },
          {
            "image_urls": [
              "https://www.edeka24.de/out/pictures/generated/product/1/224_224_90/camargue_fleur_de_sel_125g.jpg"
            ],
            "ItemTitle": "Le Saunier de Camargue Fleur de Sel 125G",
            "ItemPrice": "5,49€",
            "ItemUnit": "43,92€/kg",
            "local_image_path": "Wein/ Spirituosen/Spirituosen/highland_park_18_jahre_single_malt_whisky.jpg"
          },
          {
            "image_urls": [
              "https://www.edeka24.de/out/pictures/generated/product/1/224_224_90/byodokruteressig.jpg"
            ],
            "ItemTitle": "Bio Byodo Kräuteressig 5% Säure 0,5L",
            "ItemPrice": "3,79€",
            "ItemUnit": "7,58€/l",
            "local_image_path": "Lebensmittel/Würzmittel & Brühen/byodokruteressig.jpg"
          },
          {
            "image_urls": [
              "https://www.edeka24.de/out/pictures/generated/product/1/224_224_90/fuchsszechuanpfeffer.jpg"
            ],
            "ItemTitle": "Fuchs Szechuanpfeffer ganz 20G",
            "ItemPrice": "5,59€",
            "ItemUnit": "279,50€/kg",
            "local_image_path": "Lebensmittel/Würzmittel & Brühen/fuchsszechuanpfeffer.jpg"
          },
          {
            "image_urls": [
              "https://www.edeka24.de/out/pictures/generated/product/1/224_224_90/biskin_gold_reines_pflanzenamp246l_075l.jpg"
            ],
            "ItemTitle": "Biskin Gold Reines Pflanzenöl 750ML",
            "ItemPrice": "5,29€",
            "ItemUnit": "7,05€/l",
            "local_image_path": "Lebensmittel/Würzmittel & Brühen/biskin_gold_reines_pflanzenamp246l_075l.jpg"
          },
          {
            "image_urls": [
              "https://www.edeka24.de/out/pictures/generated/product/1/224_224_90/fuchscafedeparis.jpg"
            ],
            "ItemTitle": "Fuchs Cafe de Paris Gewürz 65G",
            "ItemPrice": "3,99€",
            "ItemUnit": "61,38€/kg",
            "local_image_path": "Lebensmittel/Würzmittel & Brühen/fuchscafedeparis.jpg"
          },
          {
            "image_urls": [
              "https://www.edeka24.de/out/pictures/generated/product/1/224_224_90/fuchs_fenchel_ganz_30g.jpg"
            ],
            "ItemTitle": "Fuchs Fenchel ganz 30G",
            "ItemPrice": "5,29€",
            "ItemUnit": "176,33€/kg",
            "local_image_path": "Lebensmittel/Würzmittel & Brühen/fuchs_fenchel_ganz_30g.jpg"
          },
          {
            "image_urls": [
              "https://www.edeka24.de/out/pictures/generated/product/1/224_224_90/badreichenhallalpensaline.jpg"
            ],
            "ItemTitle": "Bad Reichenhaller Alpensaline Mittelgrobes Alpensalz 1KG",
            "ItemPrice": "2,69€",
            "ItemUnit": "2,69€/kg",
            "local_image_path": "Lebensmittel/Würzmittel & Brühen/badreichenhallalpensaline.jpg"
          },
          {
            "image_urls": [
              "https://www.edeka24.de/out/pictures/generated/product/1/224_224_90/fuchsstepfe.jpg"
            ],
            "ItemTitle": "Fuchs Steak Pfeffer 60G",
            "ItemPrice": "4,29€",
            "ItemUnit": "71,50€/kg",
            "local_image_path": "Lebensmittel/Würzmittel & Brühen/fuchsstepfe.jpg"
          },
          {
            "image_urls": [
              "https://www.edeka24.de/out/pictures/generated/product/1/224_224_90/fuchs_tonkabohnen_5st.jpg"
            ],
            "ItemTitle": "Fuchs Tonkabohnen 5ST",
            "ItemPrice": "5,79€",
            "ItemUnit": "1,16€/st",
            "local_image_path": "Lebensmittel/Würzmittel & Brühen/fuchs_tonkabohnen_5st.jpg"
          },
          {
            "image_urls": [
              "https://www.edeka24.de/out/pictures/generated/product/1/224_224_90/mielex.jpg"
            ],
            "ItemTitle": "Mielex Kräuteressig 750ML",
            "ItemPrice": "1,79€",
            "ItemUnit": "2,39€/l",
            "local_image_path": "Lebensmittel/Würzmittel & Brühen/mielex.jpg"
          },
          {
            "image_urls": [
              "https://www.edeka24.de/out/pictures/generated/product/1/224_224_90/luglioolivenl.jpg"
            ],
            "ItemTitle": "Luglio Olivenöl Olio Extra Vergine Di Oliva DOP 500ML",
            "ItemPrice": "7,49€",
            "ItemUnit": "14,98€/l",
            "local_image_path": "Lebensmittel/Würzmittel & Brühen/luglioolivenl.jpg"
          },
          {
            "image_urls": [
              "https://www.edeka24.de/out/pictures/generated/product/1/224_224_90/fuchsbruceketa.jpg"
            ],
            "ItemTitle": "Fuchs Bruschetta Gewürzzubereitung 50G",
            "ItemPrice": "3,99€",
            "ItemUnit": "79,80€/kg",
            "local_image_path": "Lebensmittel/Würzmittel & Brühen/fuchsbruceketa.jpg"
          },
          {
            "image_urls": [
              "https://www.edeka24.de/out/pictures/generated/product/1/224_224_90/bio_theo_der_essigbrauer_apfelessig_500ml.jpg"
            ],
            "ItemTitle": "Theo der Essigbrauer Bioland Apfel Essig 500ML",
            "ItemPrice": "3,99€",
            "ItemUnit": "7,98€/l",
            "local_image_path": "Lebensmittel/Würzmittel & Brühen/bio_theo_der_essigbrauer_apfelessig_500ml.jpg"
          },
          {
            "image_urls": [
              "https://www.edeka24.de/out/pictures/generated/product/1/224_224_90/fuchsagiloogilo.jpg"
            ],
            "ItemTitle": "Fuchs Aglio e Olio Gewürz 50G",
            "ItemPrice": "3,99€",
            "ItemUnit": "79,80€/kg",
            "local_image_path": "Wein/ Spirituosen/Spirituosen/highland_park_18_jahre_single_malt_whisky.jpg"
          },
          {
            "image_urls": [
              "https://www.edeka24.de/out/pictures/generated/product/1/224_224_90/maggi_food_travel_wamp252rzpaste_teriyaki_style_65g.jpg"
            ],
            "ItemTitle": "Maggi Food Travel Teriyaki Style 65G",
            "ItemPrice": "1,19€",
            "ItemUnit": "18,31€/kg",
            "local_image_path": "Lebensmittel/Würzmittel & Brühen/maggi_food_travel_wamp252rzpaste_teriyaki_style_65g.jpg"
          },
          {
            "image_urls": [
              "https://www.edeka24.de/out/pictures/generated/product/1/224_224_90/fuchs_chiliflocken_40g.jpg"
            ],
            "ItemTitle": "Fuchs Chiliflocken 40G",
            "ItemPrice": "5,29€",
            "ItemUnit": "132,25€/kg",
            "local_image_path": "Lebensmittel/Würzmittel & Brühen/fuchs_chiliflocken_40g.jpg"
          },
          {
            "image_urls": [
              "https://www.edeka24.de/out/pictures/generated/product/1/224_224_90/deutsches_essigbrauhaus_deutscher_balsamico_fruchtig.jpg"
            ],
            "ItemTitle": "Deutsches Essig-Brauhaus Deutscher Balsamico fruchtig 350ML",
            "ItemPrice": "4,79€",
            "ItemUnit": "13,69€/l",
            "local_image_path": "Lebensmittel/Würzmittel & Brühen/deutsches_essigbrauhaus_deutscher_balsamico_fruchtig.jpg"
          },
          {
            "image_urls": [
              "https://www.edeka24.de/out/pictures/generated/product/1/224_224_90/maggi_food_travel_sweet_chili_style_65g.jpg"
            ],
            "ItemTitle": "Maggi Food Travel Sweet Chili Style 65G",
            "ItemPrice": "1,19€",
            "ItemUnit": "18,31€/kg",
            "local_image_path": "Lebensmittel/Internationales/maggi_food_travel_sweet_chili_style_65g.jpg"
          },
          {
            "image_urls": [
              "https://www.edeka24.de/out/pictures/generated/product/1/224_224_90/knorr_salatkrnung_frhlingskruter_5st_40g.jpg"
            ],
            "ItemTitle": "Knorr Salatkrönung Frühlingskräuter 5ST",
            "ItemPrice": "1,59€",
            "ItemUnit": "0,32€/st",
            "local_image_path": "Lebensmittel/Würzmittel & Brühen/knorr_salatkrnung_frhlingskruter_5st_40g.jpg"
          },
          {
            "image_urls": [
              "https://www.edeka24.de/out/pictures/generated/product/1/224_224_90/ostmann_majoran_gerebelt_75g.jpg"
            ],
            "ItemTitle": "Ostmann Majoran gerebelt 7,5G",
            "ItemPrice": "2,19€",
            "ItemUnit": "",
            "local_image_path": "Lebensmittel/Würzmittel & Brühen/ostmann_majoran_gerebelt_75g.jpg"
          },
          {
            "image_urls": [
              "https://www.edeka24.de/out/pictures/generated/product/1/224_224_90/ostmann_kurkuma_gemahlen_35g.jpg"
            ],
            "ItemTitle": "Ostmann Kurkuma gemahlen 35G",
            "ItemPrice": "2,39€",
            "ItemUnit": "68,29€/kg",
            "local_image_path": "Lebensmittel/Würzmittel & Brühen/ostmann_kurkuma_gemahlen_35g.jpg"
          },
          {
            "image_urls": [
              "https://www.edeka24.de/out/pictures/generated/product/1/224_224_90/debdeutbalsamwrz.jpg"
            ],
            "ItemTitle": "Deutsches Essig-Brauhaus Deutscher Balsamico würzig 350ML",
            "ItemPrice": "4,79€",
            "ItemUnit": "13,69€/l",
            "local_image_path": "Lebensmittel/Würzmittel & Brühen/debdeutbalsamwrz.jpg"
          },
          {
            "image_urls": [
              "https://www.edeka24.de/out/pictures/generated/product/1/224_224_90/hengstenberg_klassischer_rotwein_essig_500_ml.jpg"
            ],
            "ItemTitle": "Hengstenberg Klassischer Rotwein Essig 500ML",
            "ItemPrice": "2,99€",
            "ItemUnit": "5,98€/l",
            "local_image_path": "Lebensmittel/Würzmittel & Brühen/hengstenberg_klassischer_rotwein_essig_500_ml.jpg"
          },
          {
            "image_urls": [
              "https://www.edeka24.de/out/pictures/generated/product/1/224_224_90/bad_reichenhaller_alpensalz_grob_500g.jpg"
            ],
            "ItemTitle": "Bad Reichenhaller Alpensalz grob 500G",
            "ItemPrice": "2,69€",
            "ItemUnit": "5,38€/kg",
            "local_image_path": "Lebensmittel/Würzmittel & Brühen/bad_reichenhaller_alpensalz_grob_500g.jpg"
          },
          {
            "image_urls": [
              "https://www.edeka24.de/out/pictures/generated/product/1/224_224_90/balemasam_apfel_2017.jpg"
            ],
            "ItemTitle": "Deutsches Essig-Brauhaus Apfel Balemasam 350ML",
            "ItemPrice": "4,79€",
            "ItemUnit": "13,69€/l",
            "local_image_path": "Lebensmittel/Würzmittel & Brühen/balemasam_apfel_2017.jpg"
          },
          {
            "image_urls": [
              "https://www.edeka24.de/out/pictures/generated/product/1/224_224_90/alnatura_bio_curry_gewrzmischung.jpg"
            ],
            "ItemTitle": "Alnatura Bio Curry Gewürzmischung 60G",
            "ItemPrice": "3,49€",
            "ItemUnit": "58,17€/kg",
            "local_image_path": "Lebensmittel/Würzmittel & Brühen/alnatura_bio_curry_gewrzmischung.jpg"
          },
          {
            "image_urls": [
              "https://www.edeka24.de/out/pictures/generated/product/1/224_224_90/fuchs_ras_el_hanout_wamp252rzmischung_45g.jpg"
            ],
            "ItemTitle": "Fuchs Ras el Hanout Gewürzmischung 45G",
            "ItemPrice": "5,59€",
            "ItemUnit": "124,22€/kg",
            "local_image_path": "Lebensmittel/Würzmittel & Brühen/fuchs_ras_el_hanout_wamp252rzmischung_45g.jpg"
          },
          {
            "image_urls": [
              "https://www.edeka24.de/out/pictures/generated/product/1/224_224_90/byodoaceto.jpg"
            ],
            "ItemTitle": "Byodo Bio Aceto Balsamico di Modena 0,5L",
            "ItemPrice": "5,99€",
            "ItemUnit": "11,98€/l",
            "local_image_path": "Lebensmittel/Würzmittel & Brühen/byodoaceto.jpg"
          },
          {
            "image_urls": [
              "https://www.edeka24.de/out/pictures/generated/product/1/224_224_90/alnatura_bio_majoran_gerebelt.jpg"
            ],
            "ItemTitle": "Alnatura Bio Majoran gerebelt 12,5G",
            "ItemPrice": "2,19€",
            "ItemUnit": "175,20€/kg",
            "local_image_path": "Lebensmittel/Würzmittel & Brühen/alnatura_bio_majoran_gerebelt.jpg"
          },
          {
            "image_urls": [
              "https://www.edeka24.de/out/pictures/generated/product/1/224_224_90/ponti_aceto_balsamico_di_modena_500ml.jpg"
            ],
            "ItemTitle": "Ponti Aceto Balsamico di Modena I.G.P. 500ML",
            "ItemPrice": "4,79€",
            "ItemUnit": "9,58€/l",
            "local_image_path": "Lebensmittel/Würzmittel & Brühen/ponti_aceto_balsamico_di_modena_500ml.jpg"
          },
          {
            "image_urls": [
              "https://www.edeka24.de/out/pictures/generated/product/1/224_224_90/camargue_fleur_de_sel_125g.jpg"
            ],
            "ItemTitle": "Le Saunier de Camargue Fleur de Sel 125G",
            "ItemPrice": "5,49€",
            "ItemUnit": "43,92€/kg",
            "local_image_path": "Wein/ Spirituosen/Spirituosen/highland_park_18_jahre_single_malt_whisky.jpg"
          },
          {
            "image_urls": [
              "https://www.edeka24.de/out/pictures/generated/product/1/224_224_90/byodokruteressig.jpg"
            ],
            "ItemTitle": "Bio Byodo Kräuteressig 5% Säure 0,5L",
            "ItemPrice": "3,79€",
            "ItemUnit": "7,58€/l",
            "local_image_path": "Lebensmittel/Würzmittel & Brühen/byodokruteressig.jpg"
          },
          {
            "image_urls": [
              "https://www.edeka24.de/out/pictures/generated/product/1/224_224_90/fuchsszechuanpfeffer.jpg"
            ],
            "ItemTitle": "Fuchs Szechuanpfeffer ganz 20G",
            "ItemPrice": "5,59€",
            "ItemUnit": "279,50€/kg",
            "local_image_path": "Lebensmittel/Würzmittel & Brühen/fuchsszechuanpfeffer.jpg"
          },
          {
            "image_urls": [
              "https://www.edeka24.de/out/pictures/generated/product/1/224_224_90/biskin_gold_reines_pflanzenamp246l_075l.jpg"
            ],
            "ItemTitle": "Biskin Gold Reines Pflanzenöl 750ML",
            "ItemPrice": "5,29€",
            "ItemUnit": "7,05€/l",
            "local_image_path": "Lebensmittel/Würzmittel & Brühen/biskin_gold_reines_pflanzenamp246l_075l.jpg"
          },
          {
            "image_urls": [
              "https://www.edeka24.de/out/pictures/generated/product/1/224_224_90/fuchscafedeparis.jpg"
            ],
            "ItemTitle": "Fuchs Cafe de Paris Gewürz 65G",
            "ItemPrice": "3,99€",
            "ItemUnit": "61,38€/kg",
            "local_image_path": "Lebensmittel/Würzmittel & Brühen/fuchscafedeparis.jpg"
          },
          {
            "image_urls": [
              "https://www.edeka24.de/out/pictures/generated/product/1/224_224_90/fuchs_fenchel_ganz_30g.jpg"
            ],
            "ItemTitle": "Fuchs Fenchel ganz 30G",
            "ItemPrice": "5,29€",
            "ItemUnit": "176,33€/kg",
            "local_image_path": "Lebensmittel/Würzmittel & Brühen/fuchs_fenchel_ganz_30g.jpg"
          },
          {
            "image_urls": [
              "https://www.edeka24.de/out/pictures/generated/product/1/224_224_90/badreichenhallalpensaline.jpg"
            ],
            "ItemTitle": "Bad Reichenhaller Alpensaline Mittelgrobes Alpensalz 1KG",
            "ItemPrice": "2,69€",
            "ItemUnit": "2,69€/kg",
            "local_image_path": "Lebensmittel/Würzmittel & Brühen/badreichenhallalpensaline.jpg"
          },
          {
            "image_urls": [
              "https://www.edeka24.de/out/pictures/generated/product/1/224_224_90/fuchsstepfe.jpg"
            ],
            "ItemTitle": "Fuchs Steak Pfeffer 60G",
            "ItemPrice": "4,29€",
            "ItemUnit": "71,50€/kg",
            "local_image_path": "Lebensmittel/Würzmittel & Brühen/fuchsstepfe.jpg"
          },
          {
            "image_urls": [
              "https://www.edeka24.de/out/pictures/generated/product/1/224_224_90/fuchs_tonkabohnen_5st.jpg"
            ],
            "ItemTitle": "Fuchs Tonkabohnen 5ST",
            "ItemPrice": "5,79€",
            "ItemUnit": "1,16€/st",
            "local_image_path": "Lebensmittel/Würzmittel & Brühen/fuchs_tonkabohnen_5st.jpg"
          },
          {
            "image_urls": [
              "https://www.edeka24.de/out/pictures/generated/product/1/224_224_90/mielex.jpg"
            ],
            "ItemTitle": "Mielex Kräuteressig 750ML",
            "ItemPrice": "1,79€",
            "ItemUnit": "2,39€/l",
            "local_image_path": "Lebensmittel/Würzmittel & Brühen/mielex.jpg"
          },
          {
            "image_urls": [
              "https://www.edeka24.de/out/pictures/generated/product/1/224_224_90/luglioolivenl.jpg"
            ],
            "ItemTitle": "Luglio Olivenöl Olio Extra Vergine Di Oliva DOP 500ML",
            "ItemPrice": "7,49€",
            "ItemUnit": "14,98€/l",
            "local_image_path": "Lebensmittel/Würzmittel & Brühen/luglioolivenl.jpg"
          },
          {
            "image_urls": [
              "https://www.edeka24.de/out/pictures/generated/product/1/224_224_90/fuchsbruceketa.jpg"
            ],
            "ItemTitle": "Fuchs Bruschetta Gewürzzubereitung 50G",
            "ItemPrice": "3,99€",
            "ItemUnit": "79,80€/kg",
            "local_image_path": "Lebensmittel/Würzmittel & Brühen/fuchsbruceketa.jpg"
          },
          {
            "image_urls": [
              "https://www.edeka24.de/out/pictures/generated/product/1/224_224_90/bio_theo_der_essigbrauer_apfelessig_500ml.jpg"
            ],
            "ItemTitle": "Theo der Essigbrauer Bioland Apfel Essig 500ML",
            "ItemPrice": "3,99€",
            "ItemUnit": "7,98€/l",
            "local_image_path": "Lebensmittel/Würzmittel & Brühen/bio_theo_der_essigbrauer_apfelessig_500ml.jpg"
          },
          {
            "image_urls": [
              "https://www.edeka24.de/out/pictures/generated/product/1/224_224_90/melfor-wuerzmittel-loriginal.jpg"
            ],
            "ItemTitle": "Melfor Würzmittel L`Original 1L",
            "ItemPrice": "1,99€",
            "ItemUnit": "1,99€/l",
            "local_image_path": "Lebensmittel/Soßen/melfor-wuerzmittel-loriginal.jpg"
          },
          {
            "image_urls": [
              "https://www.edeka24.de/out/pictures/generated/product/1/224_224_90/edeka_sonnenblumenamp246l_750ml.jpg"
            ],
            "ItemTitle": "EDEKA Sonnenblumenöl 750ML",
            "ItemPrice": "2,29€",
            "ItemUnit": "3,05€/l",
            "local_image_path": "Lebensmittel/Würzmittel & Brühen/edeka_sonnenblumenamp246l_750ml.jpg"
          },
          {
            "image_urls": [
              "https://www.edeka24.de/out/pictures/generated/product/1/224_224_90/bad_reichenhaller_jodsalz_500_g.jpg"
            ],
            "ItemTitle": "Bad Reichenhaller Jodsalz 500G",
            "ItemPrice": "0,69€",
            "ItemUnit": "1,38€/kg",
            "local_image_path": "Lebensmittel/Würzmittel & Brühen/bad_reichenhaller_jodsalz_500_g.jpg"
          },
          {
            "image_urls": [
              "https://www.edeka24.de/out/pictures/generated/product/1/224_224_90/bio_edeka_gemamp252sebramp252he_famp252r_7l_140g(1).jpg"
            ],
            "ItemTitle": "EDEKA Bio Klare Gemüsebrühe 140G",
            "ItemPrice": "1,29€",
            "ItemUnit": "9,21€/kg",
            "local_image_path": "Bio-Produkte/Bio Marken/bio_edeka_gemamp252sebramp252he_famp252r_7l_140g(1).jpg"
          },
          {
            "image_urls": [
              "https://www.edeka24.de/out/pictures/generated/product/1/224_224_90/hengstenberg_altmeister_weinwrziger_essig_750ml.jpg"
            ],
            "ItemTitle": "Hengstenberg Altmeister Weinwürziger Essig 750ML",
            "ItemPrice": "1,49€",
            "ItemUnit": "1,99€/l",
            "local_image_path": "Lebensmittel/Würzmittel & Brühen/hengstenberg_altmeister_weinwrziger_essig_750ml.jpg"
          },
          {
            "image_urls": [
              "https://www.edeka24.de/out/pictures/generated/product/1/224_224_90/knorr_aromat_4038744440387444.jpg"
            ],
            "ItemTitle": "Knorr Würzmittel Aromat Streuer 100G",
            "ItemPrice": "1,69€",
            "ItemUnit": "16,90€/kg",
            "local_image_path": "Lebensmittel/Würzmittel & Brühen/knorr_aromat_4038744440387444.jpg"
          },
          {
            "image_urls": [
              "https://www.edeka24.de/out/pictures/generated/product/1/224_224_90/leieierstich_100g.jpg"
            ],
            "ItemTitle": "Leimer Eierstich 100G MHD 04.11.",
            "ItemSalePrice": "0,99€",
            "ItemUnit": "9,90€/kg",
            "local_image_path": "Lebensmittel/Würzmittel & Brühen/leieierstich_100g.jpg"
          },
          {
            "image_urls": [
              "https://www.edeka24.de/out/pictures/generated/product/1/224_224_90/knorr_salatkrnung_kartoffelsalat_5st_40g.jpg"
            ],
            "ItemTitle": "Knorr Salatkrönung Kartoffelsalat 5ST",
            "ItemPrice": "1,59€",
            "ItemUnit": "0,32€/st",
            "local_image_path": "Lebensmittel/Würzmittel & Brühen/knorr_salatkrnung_kartoffelsalat_5st_40g.jpg"
          },
          {
            "image_urls": [
              "https://www.edeka24.de/out/pictures/generated/product/1/224_224_90/maggi_rinderbramp252he_bouillon_famp252r_6l.jpg"
            ],
            "ItemTitle": "Maggi Herzhafte Rinderbrühe für 6L 126G",
            "ItemPrice": "2,49€",
            "ItemUnit": "19,76€/kg",
            "local_image_path": "Lebensmittel/Würzmittel & Brühen/maggi_rinderbramp252he_bouillon_famp252r_6l.jpg"
          },
          {
            "image_urls": [
              "https://www.edeka24.de/out/pictures/generated/product/1/224_224_90/knorr-bouillon-pur-huhn.jpg"
            ],
            "ItemTitle": "Knorr Bouillon Pur Huhn 6ST 168G",
            "ItemPrice": "1,99€",
            "ItemUnit": "11,85€/kg",
            "local_image_path": "Lebensmittel/Fertiggerichte/knorr-bouillon-pur-huhn.jpg"
          },
          {
            "image_urls": [
              "https://www.edeka24.de/out/pictures/generated/product/1/224_224_90/knorr_kruterlinge_zum_streuen_gartenkruter_60_g.jpg"
            ],
            "ItemTitle": "Knorr Kräuterlinge zum Streuen Gartenkräuter 60G",
            "ItemPrice": "2,29€",
            "ItemUnit": "38,17€/kg",
            "local_image_path": "Lebensmittel/Würzmittel & Brühen/knorr_kruterlinge_zum_streuen_gartenkruter_60_g.jpg"
          },
          {
            "image_urls": [
              "https://www.edeka24.de/out/pictures/generated/product/1/224_224_90/surig_essigessenz_hell_25.jpg"
            ],
            "ItemTitle": "Surig Essig-Essenz hell 25% 388ML",
            "ItemPrice": "1,59€",
            "ItemUnit": "4,10€/l",
            "local_image_path": "Lebensmittel/Würzmittel & Brühen/surig_essigessenz_hell_25.jpg"
          },
          {
            "image_urls": [
              "https://www.edeka24.de/out/pictures/generated/product/1/224_224_90/maggi_wrze_vorratsflasche.jpg"
            ],
            "ItemTitle": "Maggi Würze Vorratsflasche 1KG",
            "ItemPrice": "6,29€",
            "ItemUnit": "6,29€/kg",
            "local_image_path": "Lebensmittel/Würzmittel & Brühen/maggi_wrze_vorratsflasche.jpg"
          },
          {
            "image_urls": [
              "https://www.edeka24.de/out/pictures/generated/product/1/224_224_90/leimer_backerbsen_200_g.jpg"
            ],
            "ItemTitle": "Leimer Backerbsen 200G",
            "ItemPrice": "2,19€",
            "ItemUnit": "10,95€/kg",
            "local_image_path": "Lebensmittel/Fertiggerichte/leimer_backerbsen_200_g.jpg"
          },
          {
            "image_urls": [
              "https://www.edeka24.de/out/pictures/generated/product/1/224_224_90/knorr_delikatess_brhe_in_der_dose.jpg"
            ],
            "ItemTitle": "Knorr Delikatess Brühe für 16L 329G",
            "ItemPrice": "2,99€",
            "ItemUnit": "9,09€/kg",
            "local_image_path": "Lebensmittel/Fertiggerichte/knorr_delikatess_brhe_in_der_dose.jpg"
          },
          {
            "image_urls": [
              "https://www.edeka24.de/out/pictures/generated/product/1/224_224_90/bad_reichenhaller_markensalz_500_g.jpg"
            ],
            "ItemTitle": "Bad Reichenhaller Alpensalz 500G",
            "ItemPrice": "0,79€",
            "ItemUnit": "1,58€/kg",
            "local_image_path": "Lebensmittel/Würzmittel & Brühen/bad_reichenhaller_markensalz_500_g.jpg"
          },
          {
            "image_urls": [
              "https://www.edeka24.de/out/pictures/generated/product/1/224_224_90/knorr-bouillon-rind.jpg"
            ],
            "ItemTitle": "Knorr Bouillon Pur Rind 6ST 168G",
            "ItemPrice": "1,99€",
            "ItemUnit": "11,85€/kg",
            "local_image_path": "Lebensmittel/Fertiggerichte/knorr-bouillon-rind.jpg"
          },
          {
            "image_urls": [
              "https://www.edeka24.de/out/pictures/generated/product/1/224_224_90/leimer_markkloeschen_4000186035502.jpg"
            ],
            "ItemTitle": "Leimer Markklößchen 100G",
            "ItemPrice": "1,59€",
            "ItemUnit": "15,90€/kg",
            "local_image_path": "Lebensmittel/Fertiggerichte/leimer_markkloeschen_4000186035502.jpg"
          },
          {
            "image_urls": [
              "https://www.edeka24.de/out/pictures/generated/product/1/224_224_90/maggi_wrzmischung_6_pasta_und_pizza.jpg"
            ],
            "ItemTitle": "Maggi Würzmischung 6 - Pasta und Pizza 60G",
            "ItemPrice": "2,19€",
            "ItemUnit": "36,50€/kg",
            "local_image_path": "Lebensmittel/Würzmittel & Brühen/maggi_wrzmischung_6_pasta_und_pizza.jpg"
          },
          {
            "image_urls": [
              "https://www.edeka24.de/out/pictures/generated/product/1/224_224_90/knorr_salatkrnung_zwiebelkruter_5st.jpg"
            ],
            "ItemTitle": "Knorr Salatkrönung Zwiebel-Kräuter 5ST",
            "ItemPrice": "1,59€",
            "ItemUnit": "0,32€/st",
            "local_image_path": "Lebensmittel/Soßen/knorr_salatkrnung_zwiebelkruter_5st.jpg"
          },
          {
            "image_urls": [
              "https://www.edeka24.de/out/pictures/generated/product/1/224_224_90/knorr_salatkrnung_dillkruter_5st_45g.jpg"
            ],
            "ItemTitle": "Knorr Salatkrönung Dill-Kräuter 5ST",
            "ItemPrice": "1,59€",
            "ItemUnit": "0,32€/st",
            "local_image_path": "Lebensmittel/Würzmittel & Brühen/knorr_salatkrnung_dillkruter_5st_45g.jpg"
          },
          {
            "image_urls": [
              "https://www.edeka24.de/out/pictures/generated/product/1/224_224_90/gutampampgamp220nstig_paprika_rosenscharf_50g(1).jpg"
            ],
            "ItemTitle": "Gut & Günstig Paprika rosenscharf 50G",
            "ItemPrice": "0,89€",
            "ItemUnit": "17,80€/kg",
            "local_image_path": "Lebensmittel/Würzmittel & Brühen/gutampampgamp220nstig_paprika_rosenscharf_50g(1).jpg"
          },
          {
            "image_urls": [
              "https://www.edeka24.de/out/pictures/generated/product/1/224_224_90/knorrkruterlingefrhl.jpg"
            ],
            "ItemTitle": "Knorr Kräuterlinge zum Streuen Frühlingskräuter 60G",
            "ItemPrice": "2,29€",
            "ItemUnit": "38,17€/kg",
            "local_image_path": "Lebensmittel/Würzmittel & Brühen/knorrkruterlingefrhl.jpg"
          },
          {
            "image_urls": [
              "https://www.edeka24.de/out/pictures/generated/product/1/224_224_90/leigriessnockerl_100g.jpg"
            ],
            "ItemTitle": "Leimer Grießnockerl 100G",
            "ItemPrice": "2,49€",
            "ItemUnit": "24,90€/kg",
            "local_image_path": "Lebensmittel/Würzmittel & Brühen/leigriessnockerl_100g.jpg"
          },
          {
            "image_urls": [
              "https://www.edeka24.de/out/pictures/generated/product/1/224_224_90/alnatura_bio_apfelessig_naturtrb.jpg"
            ],
            "ItemTitle": "Alnatura Bio Apfelessig naturtrüb 500ML",
            "ItemPrice": "1,79€",
            "ItemUnit": "3,58€/l",
            "local_image_path": "Lebensmittel/Würzmittel & Brühen/alnatura_bio_apfelessig_naturtrb.jpg"
          },
          {
            "image_urls": [
              "https://www.edeka24.de/out/pictures/generated/product/1/224_224_90/knorr_aromat_universal_100g.jpg"
            ],
            "ItemTitle": "Knorr Aromat 100G",
            "ItemPrice": "1,29€",
            "ItemUnit": "12,90€/kg",
            "local_image_path": "Lebensmittel/Würzmittel & Brühen/knorr_aromat_universal_100g.jpg"
          },
          {
            "image_urls": [
              "https://www.edeka24.de/out/pictures/generated/product/1/224_224_90/maggi_fondor_dose.jpg"
            ],
            "ItemTitle": "Maggi Fondor Dose 200G",
            "ItemPrice": "2,59€",
            "ItemUnit": "12,95€/kg",
            "local_image_path": "Lebensmittel/Würzmittel & Brühen/maggi_fondor_dose.jpg"
          },
          {
            "image_urls": [
              "https://www.edeka24.de/out/pictures/generated/product/1/224_224_90/maggigemsebrhe.jpg"
            ],
            "ItemTitle": "Maggi Gemüse Brühe für 18L 288G",
            "ItemPrice": "3,99€",
            "ItemUnit": "13,85€/kg",
            "local_image_path": "Lebensmittel/Würzmittel & Brühen/maggigemsebrhe.jpg"
          },
          {
            "image_urls": [
              "https://www.edeka24.de/out/pictures/generated/product/1/224_224_90/maggiklaresupperind.jpg"
            ],
            "ItemTitle": "Maggi Klare Suppe mit Rind für 16L 288G",
            "ItemPrice": "3,99€",
            "ItemUnit": "13,85€/kg",
            "local_image_path": "Lebensmittel/Würzmittel & Brühen/maggiklaresupperind.jpg"
          },
          {
            "image_urls": [
              "https://www.edeka24.de/out/pictures/generated/product/1/224_224_90/knorr_bouillon_pur_gemse_168_g.jpg"
            ],
            "ItemTitle": "Knorr Bouillon Pur Gemüse 6ST 168G",
            "ItemPrice": "1,99€",
            "ItemUnit": "11,85€/kg",
            "local_image_path": "Lebensmittel/Fertiggerichte/knorr_bouillon_pur_gemse_168_g.jpg"
          }
        ]
      }
    ]
  },
  {
    "CategoryTitle": "Lebensmittel",
    "Subcategories": [
      {
        "subcategoryTitle": "Frühstück & Snacks",
        "productItems": [
          {
            "image_urls": [
              "https://www.edeka24.de/out/pictures/generated/product/1/224_224_90/edeka_bio_krustenbrtchen_4x_80_g.jpg"
            ],
            "ItemTitle": "EDEKA Bio Krustenbrötchen 320G",
            "ItemPrice": "1,99€",
            "ItemUnit": "6,22€/kg",
            "local_image_path": "Bio-Produkte/Bio Marken/edeka_bio_krustenbrtchen_4x_80_g.jpg"
          },
          {
            "image_urls": [
              "https://www.edeka24.de/out/pictures/generated/product/1/224_224_90/edekabiorogggenfollkornbrott.jpg"
            ],
            "ItemTitle": "EDEKA Bio Roggen Vollkornbrot 500G",
            "ItemPrice": "1,59€",
            "ItemUnit": "3,18€/kg",
            "local_image_path": "Lebensmittel/Frühstück & Snacks/edekabiorogggenfollkornbrott.jpg"
          },
          {
            "image_urls": [
              "https://www.edeka24.de/out/pictures/generated/product/1/224_224_90/edeka_baguetterie_klassisch_250g.jpg"
            ],
            "ItemTitle": "EDEKA Baguetterie Steinofenbaguette klassisch 250G",
            "ItemPrice": "1,29€",
            "ItemUnit": "5,16€/kg",
            "local_image_path": "Lebensmittel/Frühstück & Snacks/edeka_baguetterie_klassisch_250g.jpg"
          },
          {
            "image_urls": [
              "https://www.edeka24.de/out/pictures/generated/product/1/224_224_90/milkana_kse_platte_190g.jpg"
            ],
            "ItemTitle": "Milkana Käse Platte 190G",
            "ItemPrice": "2,99€",
            "ItemUnit": "15,74€/kg",
            "local_image_path": "Lebensmittel/Frühstück & Snacks/milkana_kse_platte_190g.jpg"
          },
          {
            "image_urls": [
              "https://www.edeka24.de/out/pictures/generated/product/1/224_224_90/milkakru.jpg"
            ],
            "ItemTitle": "Milkana Frischeschale Kräuter 190G",
            "ItemPrice": "2,69€",
            "ItemUnit": "14,16€/kg",
            "local_image_path": "Lebensmittel/Frühstück & Snacks/milkakru.jpg"
          },
          {
            "image_urls": [
              "https://www.edeka24.de/out/pictures/generated/product/1/224_224_90/edeka_amp214sterreich_kaminwurzen_130g.jpg"
            ],
            "ItemTitle": "EDEKA Kaminwurzen 130G",
            "ItemPrice": "2,59€",
            "ItemUnit": "19,92€/kg",
            "local_image_path": "Lebensmittel/Konserven/edeka_amp214sterreich_kaminwurzen_130g.jpg"
          },
          {
            "image_urls": [
              "https://www.edeka24.de/out/pictures/generated/product/1/224_224_90/edeka_la_france_luftgetrocknete_ringsalami_pur_pork_300g(1).jpg"
            ],
            "ItemTitle": "EDEKA La France Luftgetrocknete Ringsalami Pur Pork 300G",
            "ItemPrice": "4,49€",
            "ItemUnit": "14,97€/kg",
            "local_image_path": "Lebensmittel/Konserven/edeka_la_france_luftgetrocknete_ringsalami_pur_pork_300g(1).jpg"
          },
          {
            "image_urls": [
              "https://www.edeka24.de/out/pictures/generated/product/1/224_224_90/edeka_brioche_hot_dog_buns_6st_270g.jpg"
            ],
            "ItemTitle": "EDEKA Brioche Hot Dog Buns 6ST 270g",
            "ItemPrice": "2,19€",
            "ItemUnit": "8,11€/kg",
            "local_image_path": "Lebensmittel/Frühstück & Snacks/edeka_brioche_hot_dog_buns_6st_270g.jpg"
          },
          {
            "image_urls": [
              "https://www.edeka24.de/out/pictures/generated/product/1/224_224_90/milkana_kamp228se_brotzeit_190g.jpg"
            ],
            "ItemTitle": "Milkana Käse Brotzeit 190G",
            "ItemPrice": "2,99€",
            "ItemUnit": "15,74€/kg",
            "local_image_path": "Lebensmittel/Frühstück & Snacks/milkana_kamp228se_brotzeit_190g.jpg"
          },
          {
            "image_urls": [
              "https://www.edeka24.de/out/pictures/generated/product/1/224_224_90/ferrero_nutella_nussnougatcreme_750g.jpg"
            ],
            "ItemTitle": "Ferrero Nutella Nuss-Nougat-Creme 750G",
            "ItemPrice": "4,79€",
            "ItemUnit": "6,39€/kg",
            "local_image_path": "Lebensmittel/Frühstück & Snacks/ferrero_nutella_nussnougatcreme_750g.jpg"
          },
          {
            "image_urls": [
              "https://www.edeka24.de/out/pictures/generated/product/1/224_224_90/bio_edeka_kamp252rbiskernbramp246tchen_320g.jpg"
            ],
            "ItemTitle": "Bio EDEKA Kürbiskernbrötchen 4x 80G",
            "ItemPrice": "1,89€",
            "ItemUnit": "5,91€/kg",
            "local_image_path": "Bio-Produkte/Bio Marken/bio_edeka_kamp252rbiskernbramp246tchen_320g.jpg"
          },
          {
            "image_urls": [
              "https://www.edeka24.de/out/pictures/generated/product/1/224_224_90/edeka_dinkelbramp246tchen_4st_300g.jpg"
            ],
            "ItemTitle": "EDEKA Dinkelbrötchen 4ST 300G",
            "ItemPrice": "2,19€",
            "ItemUnit": "7,30€/kg",
            "local_image_path": "Lebensmittel/Frühstück & Snacks/edeka_dinkelbramp246tchen_4st_300g.jpg"
          },
          {
            "image_urls": [
              "https://www.edeka24.de/out/pictures/generated/product/1/224_224_90/milkana_cheddar_48_vollfettstufe_190g.jpg"
            ],
            "ItemTitle": "Milkana Schmelzkäse mit Cheddar 48% Fett 190G",
            "ItemPrice": "2,69€",
            "ItemUnit": "14,16€/kg",
            "local_image_path": "Lebensmittel/Frühstück & Snacks/milkana_cheddar_48_vollfettstufe_190g.jpg"
          },
          {
            "image_urls": [
              "https://www.edeka24.de/out/pictures/generated/product/1/224_224_90/bio_edeka_brotkorb_5_sorten_brot_in_portionen_500g.jpg"
            ],
            "ItemTitle": "EDEKA Bio Brotkorb 5 Sorten Brot in Portionen 500G",
            "ItemPrice": "2,69€",
            "ItemUnit": "5,38€/kg",
            "local_image_path": "Bio-Produkte/Bio Marken/bio_edeka_brotkorb_5_sorten_brot_in_portionen_500g.jpg"
          },
          {
            "image_urls": [
              "https://www.edeka24.de/out/pictures/generated/product/1/224_224_90/bio_mestemacher_weizen_vollkorn_toastbrot_400g.jpg"
            ],
            "ItemTitle": "Mestemacher Bio Weizen Vollkorn Toastbrot 400G",
            "ItemPrice": "3,19€",
            "ItemUnit": "7,98€/kg",
            "local_image_path": "Lebensmittel/Frühstück & Snacks/bio_mestemacher_weizen_vollkorn_toastbrot_400g.jpg"
          },
          {
            "image_urls": [
              "https://www.edeka24.de/out/pictures/generated/product/1/224_224_90/brandt_dermarkenzwieback.png"
            ],
            "ItemTitle": "Brandt Markenzwieback 225G",
            "ItemPrice": "1,59€",
            "ItemUnit": "7,07€/kg",
            "local_image_path": "Lebensmittel/Frühstück & Snacks/brandt_dermarkenzwieback.png"
          },
          {
            "image_urls": [
              "https://www.edeka24.de/out/pictures/generated/product/1/224_224_90/milkana_kamp228se_vielfalt_8x2375g.jpg"
            ],
            "ItemTitle": "Milkana Käse Vielfalt 8ST 190G",
            "ItemPrice": "2,99€",
            "ItemUnit": "15,74€/kg",
            "local_image_path": "Lebensmittel/Frühstück & Snacks/milkana_kamp228se_vielfalt_8x2375g.jpg"
          },
          {
            "image_urls": [
              "https://www.edeka24.de/out/pictures/generated/product/1/224_224_90/wrlebrgerkse.jpg"
            ],
            "ItemTitle": "Woerle XXL Burger Scheiben 200G",
            "ItemPrice": "2,69€",
            "ItemUnit": "13,45€/kg",
            "local_image_path": "Lebensmittel/Frühstück & Snacks/wrlebrgerkse.jpg"
          },
          {
            "image_urls": [
              "https://www.edeka24.de/out/pictures/generated/product/1/224_224_90/schwarzwaldhof_schwarzwlder_landjger_160_g.jpg"
            ],
            "ItemTitle": "Schwarzwaldhof Landjäger 160G",
            "ItemPrice": "3,49€",
            "ItemUnit": "21,81€/kg",
            "local_image_path": "Lebensmittel/Konserven/schwarzwaldhof_schwarzwlder_landjger_160_g.jpg"
          },
          {
            "image_urls": [
              "https://www.edeka24.de/out/pictures/generated/product/1/224_224_90/bio_mestemacher_dinkel_toastbrot_400g.jpg"
            ],
            "ItemTitle": "Mestemacher Bio Dinkel Toastbrot 400G",
            "ItemPrice": "3,19€",
            "ItemUnit": "7,98€/kg",
            "local_image_path": "Lebensmittel/Frühstück & Snacks/bio_mestemacher_dinkel_toastbrot_400g.jpg"
          },
          {
            "image_urls": [
              "https://www.edeka24.de/out/pictures/generated/product/1/224_224_90/edeka_bio_dinkelbrot_geschnitten.jpg"
            ],
            "ItemTitle": "EDEKA Bio Dinkelbrot geschnitten 500G",
            "ItemPrice": "2,19€",
            "ItemUnit": "4,38€/kg",
            "local_image_path": "Bio-Produkte/Bio Marken/edeka_bio_dinkelbrot_geschnitten.jpg"
          },
          {
            "image_urls": [
              "https://www.edeka24.de/out/pictures/generated/product/1/224_224_90/oreoos.jpg"
            ],
            "ItemTitle": "Oreo O's Cereal 350G",
            "ItemPrice": "3,99€",
            "ItemUnit": "11,40€/kg",
            "local_image_path": "Lebensmittel/Frühstück & Snacks/oreoos.jpg"
          },
          {
            "image_urls": [
              "https://www.edeka24.de/out/pictures/generated/product/1/224_224_90/houdekkabanosklass.jpg"
            ],
            "ItemTitle": "Houdek Kabanos Klassik 150G",
            "ItemPrice": "2,79€",
            "ItemUnit": "18,60€/kg",
            "local_image_path": "Lebensmittel/Frühstück & Snacks/houdekkabanosklass.jpg"
          },
          {
            "image_urls": [
              "https://www.edeka24.de/out/pictures/generated/product/1/224_224_90/gut_amp_gnstig_haferflocken_extra_zart_500_g.jpg"
            ],
            "ItemTitle": "Gut & Günstig Haferflocken extra zart 500G",
            "ItemPrice": "0,89€",
            "ItemUnit": "1,78€/kg",
            "local_image_path": "Lebensmittel/Frühstück & Snacks/gut_amp_gnstig_haferflocken_extra_zart_500_g.jpg"
          },
          {
            "image_urls": [
              "https://www.edeka24.de/out/pictures/generated/product/1/224_224_90/milkasahnlak.jpg"
            ],
            "ItemTitle": "Milkana Der Sahnige laktosefrei 150G",
            "ItemPrice": "2,69€",
            "ItemUnit": "17,93€/kg",
            "local_image_path": "Lebensmittel/Frühstück & Snacks/milkasahnlak.jpg"
          },
          {
            "image_urls": [
              "https://www.edeka24.de/out/pictures/generated/product/1/224_224_90/houdek_kabanos_kse_150g.jpg"
            ],
            "ItemTitle": "Houdek Kabanos Käse 150G",
            "ItemPrice": "2,79€",
            "ItemUnit": "18,60€/kg",
            "local_image_path": "Lebensmittel/Frühstück & Snacks/houdek_kabanos_kse_150g.jpg"
          },
          {
            "image_urls": [
              "https://www.edeka24.de/out/pictures/generated/product/1/224_224_90/bio_edeka_linsenwaffeln_90g(1).jpg"
            ],
            "ItemTitle": "EDEKA Bio Linsenwaffeln 90G",
            "ItemPrice": "1,49€",
            "ItemUnit": "16,56€/kg",
            "local_image_path": "Bio-Produkte/Bio Marken/bio_edeka_linsenwaffeln_90g(1).jpg"
          },
          {
            "image_urls": [
              "https://www.edeka24.de/out/pictures/generated/product/1/224_224_90/edeka_feines_fruchtmousse_himbeer_amp_brombeer_konfitre.jpg"
            ],
            "ItemTitle": "EDEKA Feines Fruchtmousse Himbeer & Brombeer 300G",
            "ItemPrice": "1,89€",
            "ItemUnit": "6,30€/kg",
            "local_image_path": "Lebensmittel/Frühstück & Snacks/edeka_feines_fruchtmousse_himbeer_amp_brombeer_konfitre.jpg"
          },
          {
            "image_urls": [
              "https://www.edeka24.de/out/pictures/generated/product/1/224_224_90/edkfintoast.jpg"
            ],
            "ItemTitle": "EDEKA Bio Finnisch Toasties 260G",
            "ItemPrice": "1,19€",
            "ItemUnit": "4,58€/kg",
            "local_image_path": "Lebensmittel/Frühstück & Snacks/edkfintoast.jpg"
          },
          {
            "image_urls": [
              "https://www.edeka24.de/out/pictures/generated/product/1/224_224_90/edeka_4_brioche_burger_buns_250g.jpg"
            ],
            "ItemTitle": "EDEKA 4 Brioche Burger Buns 250G",
            "ItemPrice": "1,89€",
            "ItemUnit": "7,56€/kg",
            "local_image_path": "Lebensmittel/Frühstück & Snacks/edeka_4_brioche_burger_buns_250g.jpg"
          },
          {
            "image_urls": [
              "https://www.edeka24.de/out/pictures/generated/product/1/224_224_90/edeka_tortilla_mais_wraps_380g.jpg"
            ],
            "ItemTitle": "EDEKA Tortilla Mais Wraps 6ST 380G",
            "ItemPrice": "1,59€",
            "ItemUnit": "4,18€/kg",
            "local_image_path": "Lebensmittel/Frühstück & Snacks/edeka_tortilla_mais_wraps_380g.jpg"
          },
          {
            "image_urls": [
              "https://www.edeka24.de/out/pictures/generated/product/1/224_224_90/edeka_baguetterie_zwiebel_300g.jpg"
            ],
            "ItemTitle": "EDEKA Baguetterie Zwiebel 300G",
            "ItemPrice": "2,19€",
            "ItemUnit": "7,30€/kg",
            "local_image_path": "Lebensmittel/Frühstück & Snacks/edeka_baguetterie_zwiebel_300g.jpg"
          },
          {
            "image_urls": [
              "https://www.edeka24.de/out/pictures/generated/product/1/224_224_90/gutampampgamp220nstig_mini_gugelhupf_zitrone_250g.jpg"
            ],
            "ItemTitle": "Gut & Günstig Mini Gugelhupf Zitrone 250G",
            "ItemPrice": "1,79€",
            "ItemUnit": "7,16€/kg",
            "local_image_path": "Lebensmittel/Frühstück & Snacks/gutampampgamp220nstig_mini_gugelhupf_zitrone_250g.jpg"
          },
          {
            "image_urls": [
              "https://www.edeka24.de/out/pictures/generated/product/1/224_224_90/ferrero_nutella_nussnougatcreme_450g.jpg"
            ],
            "ItemTitle": "Ferrero Nutella Nuss-Nougat-Creme 450G",
            "ItemPrice": "3,49€",
            "ItemUnit": "7,76€/kg",
            "local_image_path": "Lebensmittel/Frühstück & Snacks/ferrero_nutella_nussnougatcreme_450g.jpg"
          },
          {
            "image_urls": [
              "https://www.edeka24.de/out/pictures/generated/product/1/224_224_90/schwarzwaldhof_vesperspeck_175g.jpg"
            ],
            "ItemTitle": "Schwarzwaldhof Vesperspeck 175G",
            "ItemPrice": "4,79€",
            "ItemUnit": "27,37€/kg",
            "local_image_path": "Lebensmittel/Konserven/schwarzwaldhof_vesperspeck_175g.jpg"
          },
          {
            "image_urls": [
              "https://www.edeka24.de/out/pictures/generated/product/1/224_224_90/patrosinl.jpg"
            ],
            "ItemTitle": "Patros Fetakäse in Öl 300G",
            "ItemPrice": "3,99€",
            "ItemUnit": "13,30€/kg",
            "local_image_path": "Lebensmittel/Frühstück & Snacks/patrosinl.jpg"
          },
          {
            "image_urls": [
              "https://www.edeka24.de/out/pictures/generated/product/1/224_224_90/milka_choco_brownie_150_g.jpg"
            ],
            "ItemTitle": "Milka Choco Brownie 6ST 150G",
            "ItemPrice": "2,39€",
            "ItemUnit": "15,93€/kg",
            "local_image_path": "Lebensmittel/Süß & Salzig/milka_choco_brownie_150_g.jpg"
          },
          {
            "image_urls": [
              "https://www.edeka24.de/out/pictures/generated/product/1/224_224_90/kllnblzaflo.jpg"
            ],
            "ItemTitle": "Kölln Blütenzarte Köllnflocken 500G",
            "ItemPrice": "1,79€",
            "ItemUnit": "3,58€/kg",
            "local_image_path": "Lebensmittel/Frühstück & Snacks/kllnblzaflo.jpg"
          },
          {
            "image_urls": [
              "https://www.edeka24.de/out/pictures/generated/product/1/224_224_90/bio_swh_landjaeger_2x75g.jpg"
            ],
            "ItemTitle": "Schwarzwaldhof Bio Landjäger 150G",
            "ItemPrice": "3,79€",
            "ItemUnit": "25,27€/kg",
            "local_image_path": "Lebensmittel/Konserven/bio_swh_landjaeger_2x75g.jpg"
          },
          {
            "image_urls": [
              "https://www.edeka24.de/out/pictures/generated/product/1/224_224_90/bahlsencomtesschocochips.jpg"
            ],
            "ItemTitle": "Bahlsen Comtess Choco-Chips Kuchen 350G",
            "ItemPrice": "2,99€",
            "ItemUnit": "8,54€/kg",
            "local_image_path": "Lebensmittel/Frühstück & Snacks/bahlsencomtesschocochips.jpg"
          },
          {
            "image_urls": [
              "https://www.edeka24.de/out/pictures/generated/product/1/224_224_90/droetker_vitalis_schoko_msli.jpg"
            ],
            "ItemTitle": "Dr.Oetker Vitalis Schoko Müsli klassisch 600G",
            "ItemPrice": "4,29€",
            "ItemUnit": "7,15€/kg",
            "local_image_path": "Lebensmittel/Frühstück & Snacks/droetker_vitalis_schoko_msli.jpg"
          },
          {
            "image_urls": [
              "https://www.edeka24.de/out/pictures/generated/product/1/224_224_90/mestemacherfitnessbrot.jpg"
            ],
            "ItemTitle": "Mestemacher Fitnessbrot 500G",
            "ItemPrice": "2,19€",
            "ItemUnit": "4,38€/kg",
            "local_image_path": "Lebensmittel/Frühstück & Snacks/mestemacherfitnessbrot.jpg"
          },
          {
            "image_urls": [
              "https://www.edeka24.de/out/pictures/generated/product/1/224_224_90/alnaturamaisamarawaff.jpg"
            ],
            "ItemTitle": "Alnatura Bio Mais Amaranth Waffeln Rosmarin 150G",
            "ItemSalePrice": "0,99€",
            "ItemUnit": "6,60€/kg",
            "local_image_path": "Lebensmittel/Süß & Salzig/alnaturamaisamarawaff.jpg"
          },
          {
            "image_urls": [
              "https://www.edeka24.de/out/pictures/generated/product/1/224_224_90/schwarzwaldhof_schwarzwlder_schinken_vesperscheibe.jpg"
            ],
            "ItemTitle": "Schwarzwaldhof Schwarzwälder Schinken Vesperscheibe 350G",
            "ItemPrice": "7,49€",
            "ItemUnit": "21,40€/kg",
            "local_image_path": "Lebensmittel/Konserven/schwarzwaldhof_schwarzwlder_schinken_vesperscheibe.jpg"
          },
          {
            "image_urls": [
              "https://www.edeka24.de/out/pictures/generated/product/1/224_224_90/edeka_baguetterie_dinkel_250g.jpg"
            ],
            "ItemTitle": "EDEKA Baguetterie Dinkel 250G",
            "ItemPrice": "2,19€",
            "ItemUnit": "8,76€/kg",
            "local_image_path": "Lebensmittel/Frühstück & Snacks/edeka_baguetterie_dinkel_250g.jpg"
          },
          {
            "image_urls": [
              "https://www.edeka24.de/out/pictures/generated/product/1/224_224_90/edeka_nuss_nougat_creme_400g.jpg"
            ],
            "ItemTitle": "EDEKA Nuss Nougat Creme 400G",
            "ItemPrice": "2,59€",
            "ItemUnit": "6,48€/kg",
            "local_image_path": "Lebensmittel/Frühstück & Snacks/edeka_nuss_nougat_creme_400g.jpg"
          },
          {
            "image_urls": [
              "https://www.edeka24.de/out/pictures/generated/product/1/224_224_90/ebiotom-bas.jpg"
            ],
            "ItemTitle": "Edeka Bio+Vegan Brotaufstrich Tomate-Basilikum 180G",
            "ItemPrice": "1,39€",
            "ItemUnit": "7,72€/kg",
            "local_image_path": "Lebensmittel/Frühstück & Snacks/ebiotom-bas.jpg"
          },
          {
            "image_urls": [
              "https://www.edeka24.de/out/pictures/generated/product/1/224_224_90/bahlsen_comtess_zitrone_mohn_350g.jpg"
            ],
            "ItemTitle": "Bahlsen Comtess Mohn Zitrone Kuchen 350G",
            "ItemPrice": "2,99€",
            "ItemUnit": "8,54€/kg",
            "local_image_path": "Lebensmittel/Frühstück & Snacks/bahlsen_comtess_zitrone_mohn_350g.jpg"
          },
          {
            "image_urls": [
              "https://www.edeka24.de/out/pictures/generated/product/1/224_224_90/klln_msli_frchte_ohne_zuckerzusatz_500_g.jpg"
            ],
            "ItemTitle": "Kölln Müsli Früchte ohne Zuckerzusatz 500G",
            "ItemPrice": "3,89€",
            "ItemUnit": "7,78€/kg",
            "local_image_path": "Lebensmittel/Frühstück & Snacks/klln_msli_frchte_ohne_zuckerzusatz_500_g.jpg"
          },
          {
            "image_urls": [
              "https://www.edeka24.de/out/pictures/generated/product/1/224_224_90/bifi_orginal_6x20g(1).jpg"
            ],
            "ItemTitle": "Bifi Orginal 6ST 120G",
            "ItemPrice": "3,29€",
            "ItemUnit": "27,42€/kg",
            "local_image_path": "Lebensmittel/Frühstück & Snacks/bifi_orginal_6x20g(1).jpg"
          },
          {
            "image_urls": [
              "https://www.edeka24.de/out/pictures/generated/product/1/224_224_90/gutampampgamp220nstig_haferflocken_kernig_500g.jpg"
            ],
            "ItemTitle": "Gut & Günstig Haferflocken kernig 500G",
            "ItemPrice": "0,89€",
            "ItemUnit": "1,78€/kg",
            "local_image_path": "Lebensmittel/Frühstück & Snacks/gutampampgamp220nstig_haferflocken_kernig_500g.jpg"
          },
          {
            "image_urls": [
              "https://www.edeka24.de/out/pictures/generated/product/1/224_224_90/schwartau_extra_erdbeere_340g.jpg"
            ],
            "ItemTitle": "Schwartau Extra Erdbeere 340G",
            "ItemPrice": "2,69€",
            "ItemUnit": "7,91€/kg",
            "local_image_path": "Lebensmittel/Frühstück & Snacks/schwartau_extra_erdbeere_340g.jpg"
          },
          {
            "image_urls": [
              "https://www.edeka24.de/out/pictures/generated/product/1/224_224_90/bio_edeka_landhonig_flamp252ssig_350g.jpg"
            ],
            "ItemTitle": "EDEKA Bio Landhonig flüssig 350G",
            "ItemPrice": "2,69€",
            "ItemUnit": "7,69€/kg",
            "local_image_path": "Bio-Produkte/Bio Marken/bio_edeka_landhonig_flamp252ssig_350g.jpg"
          },
          {
            "image_urls": [
              "https://www.edeka24.de/out/pictures/generated/product/1/224_224_90/milkacremlei.jpg"
            ],
            "ItemTitle": "Milkana Frischeschale Cremig Leicht 190G",
            "ItemPrice": "2,79€",
            "ItemUnit": "14,68€/kg",
            "local_image_path": "Lebensmittel/Frühstück & Snacks/milkacremlei.jpg"
          },
          {
            "image_urls": [
              "https://www.edeka24.de/out/pictures/generated/product/1/224_224_90/bifi_roll_3x45g.jpg"
            ],
            "ItemTitle": "BiFi Roll 3ST 135G",
            "ItemPrice": "3,29€",
            "ItemUnit": "24,37€/kg",
            "local_image_path": "Lebensmittel/Konserven/bifi_roll_3x45g.jpg"
          },
          {
            "image_urls": [
              "https://www.edeka24.de/out/pictures/generated/product/1/224_224_90/filinchen_das_knusperbrot_original_75_g.jpg"
            ],
            "ItemTitle": "Filinchen Das Knusper-Brot Original 75G",
            "ItemPrice": "1,19€",
            "ItemUnit": "15,87€/kg",
            "local_image_path": "Lebensmittel/Frühstück & Snacks/filinchen_das_knusperbrot_original_75_g.jpg"
          },
          {
            "image_urls": [
              "https://www.edeka24.de/out/pictures/generated/product/1/224_224_90/edeka_feines_fruchtmousse_aprikose_amp_pfirsich_konfitre.jpg"
            ],
            "ItemTitle": "EDEKA Feines Fruchtmousse Aprikose & Pfirsich 300G",
            "ItemPrice": "1,89€",
            "ItemUnit": "6,30€/kg",
            "local_image_path": "Lebensmittel/Frühstück & Snacks/edeka_feines_fruchtmousse_aprikose_amp_pfirsich_konfitre.jpg"
          },
          {
            "image_urls": [
              "https://www.edeka24.de/out/pictures/generated/product/1/224_224_90/swh_powerlandjaeger_2p160g.jpg"
            ],
            "ItemTitle": "Schwarzwald-Power Echt Schwarzwälder Landjäger 160G",
            "ItemPrice": "3,79€",
            "ItemUnit": "23,69€/kg",
            "local_image_path": "Lebensmittel/Konserven/swh_powerlandjaeger_2p160g.jpg"
          },
          {
            "image_urls": [
              "https://www.edeka24.de/out/pictures/generated/product/1/224_224_90/weissenfvital_filinchen_75g.jpg"
            ],
            "ItemTitle": "Filinchen Das Knusper-Brot Vital 75G",
            "ItemPrice": "1,19€",
            "ItemUnit": "15,87€/kg",
            "local_image_path": "Lebensmittel/Frühstück & Snacks/weissenfvital_filinchen_75g.jpg"
          },
          {
            "image_urls": [
              "https://www.edeka24.de/out/pictures/generated/product/1/224_224_90/bio_edeka_salami_sticks_classic_60g.jpg"
            ],
            "ItemTitle": "EDEKA Bio Salami Sticks 60G",
            "ItemPrice": "2,59€",
            "ItemUnit": "43,17€/kg",
            "local_image_path": "Lebensmittel/Frühstück & Snacks/bio_edeka_salami_sticks_classic_60g.jpg"
          },
          {
            "image_urls": [
              "https://www.edeka24.de/out/pictures/generated/product/1/224_224_90/milkana_frischeschale_salami_57_rahmstufe_190g.jpg"
            ],
            "ItemTitle": "Milkana Frischeschale Salami 57% Rahmstufe 190G",
            "ItemPrice": "2,69€",
            "ItemUnit": "14,16€/kg",
            "local_image_path": "Lebensmittel/Frühstück & Snacks/milkana_frischeschale_salami_57_rahmstufe_190g.jpg"
          },
          {
            "image_urls": [
              "https://www.edeka24.de/out/pictures/generated/product/1/224_224_90/edeka_premium_knusper_multifrucht_mamp252sli_500g.jpg"
            ],
            "ItemTitle": "EDEKA Knusper Müsli Multi Frucht 500G",
            "ItemPrice": "3,29€",
            "ItemUnit": "6,58€/kg",
            "local_image_path": "Wein/ Spirituosen/Spirituosen/highland_park_18_jahre_single_malt_whisky.jpg"
          },
          {
            "image_urls": [
              "https://www.edeka24.de/out/pictures/generated/product/1/224_224_90/aoste_kordelsalami.jpg"
            ],
            "ItemTitle": "Aoste Kordel-Salami luftgetrocknet 250G",
            "ItemPrice": "6,29€",
            "ItemUnit": "25,16€/kg",
            "local_image_path": "Lebensmittel/Frühstück & Snacks/aoste_kordelsalami.jpg"
          },
          {
            "image_urls": [
              "https://www.edeka24.de/out/pictures/generated/product/1/224_224_90/picomadeleines.jpg"
            ],
            "ItemTitle": "Pico Madeleines 250G",
            "ItemPrice": "2,39€",
            "ItemUnit": "9,56€/kg",
            "local_image_path": "Lebensmittel/Frühstück & Snacks/picomadeleines.jpg"
          },
          {
            "image_urls": [
              "https://www.edeka24.de/out/pictures/generated/product/1/224_224_90/bio_alnatura_pastete_olive_125g.jpg"
            ],
            "ItemTitle": "Alnatura Bio Pastete Olive 125G",
            "ItemPrice": "1,89€",
            "ItemUnit": "15,12€/kg",
            "local_image_path": "Lebensmittel/Frühstück & Snacks/bio_alnatura_pastete_olive_125g.jpg"
          },
          {
            "image_urls": [
              "https://www.edeka24.de/out/pictures/generated/product/1/224_224_90/adler_edelcreme_salami_100g.jpg"
            ],
            "ItemTitle": "Adler Edelcreme Salami 100G",
            "ItemPrice": "2,29€",
            "ItemUnit": "22,90€/kg",
            "local_image_path": "Lebensmittel/Frühstück & Snacks/adler_edelcreme_salami_100g.jpg"
          },
          {
            "image_urls": [
              "https://www.edeka24.de/out/pictures/generated/product/1/224_224_90/adler_edelcreme_kruter_rahmstufe_100g.jpg"
            ],
            "ItemTitle": "Adler Edelcreme Kräuter Rahmstufe 100G",
            "ItemPrice": "2,29€",
            "ItemUnit": "22,90€/kg",
            "local_image_path": "Lebensmittel/Frühstück & Snacks/adler_edelcreme_kruter_rahmstufe_100g.jpg"
          },
          {
            "image_urls": [
              "https://www.edeka24.de/out/pictures/generated/product/1/224_224_90/oetkermarmor.jpg"
            ],
            "ItemTitle": "Dr.Oetker Marmorkuchen 350G",
            "ItemPrice": "3,19€",
            "ItemUnit": "9,11€/kg",
            "local_image_path": "Lebensmittel/Frühstück & Snacks/oetkermarmor.jpg"
          },
          {
            "image_urls": [
              "https://www.edeka24.de/out/pictures/generated/product/1/224_224_90/corny_cocos_6er_150g.jpg"
            ],
            "ItemTitle": "Corny Cocos Riegel 6ST 150G",
            "ItemPrice": "1,69€",
            "ItemUnit": "11,27€/kg",
            "local_image_path": "Lebensmittel/Frühstück & Snacks/corny_cocos_6er_150g.jpg"
          },
          {
            "image_urls": [
              "https://www.edeka24.de/out/pictures/generated/product/1/224_224_90/alnaturahonigreiswaffeln.jpg"
            ],
            "ItemTitle": "Alnatura Bio Honig Reis Waffeln 3ST 96G",
            "ItemPrice": "1,89€",
            "ItemUnit": "19,69€/kg",
            "local_image_path": "Lebensmittel/Frühstück & Snacks/alnaturahonigreiswaffeln.jpg"
          },
          {
            "image_urls": [
              "https://www.edeka24.de/out/pictures/generated/product/1/224_224_90/alnaturaknckeedeli.jpg"
            ],
            "ItemTitle": "Alnatura Bio Knäcke-Brot Delikatess 250G",
            "ItemPrice": "1,79€",
            "ItemUnit": "7,16€/kg",
            "local_image_path": "Lebensmittel/Frühstück & Snacks/alnaturaknckeedeli.jpg"
          },
          {
            "image_urls": [
              "https://www.edeka24.de/out/pictures/generated/product/1/224_224_90/aoste_stickado_classique.jpg"
            ],
            "ItemTitle": "Aoste Stickado Classique 70G",
            "ItemPrice": "2,69€",
            "ItemUnit": "38,43€/kg",
            "local_image_path": "Wein/ Spirituosen/Spirituosen/highland_park_18_jahre_single_malt_whisky.jpg"
          },
          {
            "image_urls": [
              "https://www.edeka24.de/out/pictures/generated/product/1/224_224_90/wasa_knckebrot_vollkorn_260_g.jpg"
            ],
            "ItemTitle": "Wasa Knäckebrot Vollkorn 260G",
            "ItemPrice": "2,49€",
            "ItemUnit": "9,58€/kg",
            "local_image_path": "Lebensmittel/Frühstück & Snacks/wasa_knckebrot_vollkorn_260_g.jpg"
          },
          {
            "image_urls": [
              "https://www.edeka24.de/out/pictures/generated/product/1/224_224_90/alnatura_bio_fruchtaufstrich_sanddornorange.jpg"
            ],
            "ItemTitle": "Alnatura Bio Fruchtaufstrich Sanddorn-Orange 250G",
            "ItemPrice": "2,19€",
            "ItemUnit": "8,76€/kg",
            "local_image_path": "Lebensmittel/Frühstück & Snacks/alnatura_bio_fruchtaufstrich_sanddornorange.jpg"
          },
          {
            "image_urls": [
              "https://www.edeka24.de/out/pictures/generated/product/1/224_224_90/schwarzwaldhof_landjger_6_paar.jpg"
            ],
            "ItemTitle": "Schwarzwaldhof Landjäger 6 Paar 480G",
            "ItemPrice": "8,49€",
            "ItemUnit": "17,69€/kg",
            "local_image_path": "Lebensmittel/Konserven/schwarzwaldhof_landjger_6_paar.jpg"
          },
          {
            "image_urls": [
              "https://www.edeka24.de/out/pictures/generated/product/1/224_224_90/bio_alnatura_dinkelgrnkernbrot_500g.jpg"
            ],
            "ItemTitle": "Alnatura Bio Dinkelgrünkernbrot 500G",
            "ItemPrice": "2,19€",
            "ItemUnit": "4,38€/kg",
            "local_image_path": "Lebensmittel/Frühstück & Snacks/bio_alnatura_dinkelgrnkernbrot_500g.jpg"
          },
          {
            "image_urls": [
              "https://www.edeka24.de/out/pictures/generated/product/1/224_224_90/bio_edeka_kamp228sekamp252rbiskern_knamp228ckebrot_200g(1).jpg"
            ],
            "ItemTitle": "EDEKA Bio Käse-Kürbiskern Knäckebrot 200G",
            "ItemPrice": "2,29€",
            "ItemUnit": "11,45€/kg",
            "local_image_path": "Lebensmittel/Frühstück & Snacks/bio_edeka_kamp228sekamp252rbiskern_knamp228ckebrot_200g(1).jpg"
          },
          {
            "image_urls": [
              "https://www.edeka24.de/out/pictures/generated/product/1/224_224_90/alnatura_bio_schoko_reis_waffeln_zartbitter_orange_100g.jpg"
            ],
            "ItemTitle": "Alnatura Bio Schoko Reis Waffeln Zartbitter Orange 100G",
            "ItemPrice": "1,59€",
            "ItemUnit": "15,90€/kg",
            "local_image_path": "Lebensmittel/Süß & Salzig/alnatura_bio_schoko_reis_waffeln_zartbitter_orange_100g.jpg"
          },
          {
            "image_urls": [
              "https://www.edeka24.de/out/pictures/generated/product/1/224_224_90/burger_kamp252rbiskern_knamp228ckebrot_250g.jpg"
            ],
            "ItemTitle": "Burger Kürbiskern Knäckebrot 250G",
            "ItemPrice": "2,49€",
            "ItemUnit": "9,96€/kg",
            "local_image_path": "Lebensmittel/Frühstück & Snacks/burger_kamp252rbiskern_knamp228ckebrot_250g.jpg"
          },
          {
            "image_urls": [
              "https://www.edeka24.de/out/pictures/generated/product/1/224_224_90/mestemacher_high_protein_brot_fein_200g.jpg"
            ],
            "ItemTitle": "Mestemacher High Protein Brot fein 200G",
            "ItemPrice": "2,49€",
            "ItemUnit": "12,45€/kg",
            "local_image_path": "Lebensmittel/Frühstück & Snacks/mestemacher_high_protein_brot_fein_200g.jpg"
          },
          {
            "image_urls": [
              "https://www.edeka24.de/out/pictures/generated/product/1/224_224_90/pema_bio_barbara_rtting_brot_bioland_500_g(1).jpg"
            ],
            "ItemTitle": "Pema Bio Gewürz Brot nach Barbara Rütting 500G",
            "ItemPrice": "1,99€",
            "ItemUnit": "3,98€/kg",
            "local_image_path": "Lebensmittel/Frühstück & Snacks/pema_bio_barbara_rtting_brot_bioland_500_g(1).jpg"
          },
          {
            "image_urls": [
              "https://www.edeka24.de/out/pictures/generated/product/1/224_224_90/schwarzwaldhof_hllentaler_pfefferbeier_chili_150_g.jpg"
            ],
            "ItemTitle": "Schwarzwaldhof Chili-Beißer 150G",
            "ItemPrice": "3,99€",
            "ItemUnit": "26,60€/kg",
            "local_image_path": "Wein/ Spirituosen/Spirituosen/highland_park_18_jahre_single_malt_whisky.jpg"
          },
          {
            "image_urls": [
              "https://www.edeka24.de/out/pictures/generated/product/1/224_224_90/mestemeiwbrot_5karotten250g.jpg"
            ],
            "ItemTitle": "Mestemacher Karotten Eiweißbrot 250G",
            "ItemPrice": "2,49€",
            "ItemUnit": "9,96€/kg",
            "local_image_path": "Lebensmittel/Frühstück & Snacks/mestemeiwbrot_5karotten250g.jpg"
          },
          {
            "image_urls": [
              "https://www.edeka24.de/out/pictures/generated/product/1/224_224_90/natreenaprikosen-konfitre.jpg"
            ],
            "ItemTitle": "Natreen Aprikosen-Konfitüre 225G",
            "ItemPrice": "2,49€",
            "ItemUnit": "11,07€/kg",
            "local_image_path": "Lebensmittel/Frühstück & Snacks/natreenaprikosen-konfitre.jpg"
          },
          {
            "image_urls": [
              "https://www.edeka24.de/out/pictures/generated/product/1/224_224_90/bio_elandhonig_cremig_500g.jpg"
            ],
            "ItemTitle": "EDEKA Bio Landhonig cremig 500G",
            "ItemPrice": "4,29€",
            "ItemUnit": "8,58€/kg",
            "local_image_path": "Bio-Produkte/Bio Marken/bio_elandhonig_cremig_500g.jpg"
          },
          {
            "image_urls": [
              "https://www.edeka24.de/out/pictures/generated/product/1/224_224_90/natreen_waldfruchtkonfitre_225_g.jpg"
            ],
            "ItemTitle": "Natreen Waldfrucht-Konfitüre 225G",
            "ItemPrice": "2,49€",
            "ItemUnit": "11,07€/kg",
            "local_image_path": "Wein/ Spirituosen/Spirituosen/highland_park_18_jahre_single_malt_whisky.jpg"
          },
          {
            "image_urls": [
              "https://www.edeka24.de/out/pictures/generated/product/1/224_224_90/alnaturapaprika-cashewaufstrich.jpg"
            ],
            "ItemTitle": "Alnatura Bio Paprika-Cashew Aufstrich 125G",
            "ItemPrice": "1,89€",
            "ItemUnit": "15,12€/kg",
            "local_image_path": "Bio-Produkte/Frühstücksartikel von Alnatura/alnaturapaprika-cashewaufstrich.jpg"
          },
          {
            "image_urls": [
              "https://www.edeka24.de/out/pictures/generated/product/1/224_224_90/-4004363000406_iq.jpg"
            ],
            "ItemTitle": "Pico Madeleines mit Kakao 250G",
            "ItemPrice": "2,49€",
            "ItemUnit": "9,96€/kg",
            "local_image_path": "Lebensmittel/Süß & Salzig/-4004363000406_iq.jpg"
          },
          {
            "image_urls": [
              "https://www.edeka24.de/out/pictures/generated/product/1/224_224_90/strhl_kse_fondue_classic.jpg"
            ],
            "ItemTitle": "Strähl Käse Fondue Classic 400G",
            "ItemPrice": "5,79€",
            "ItemUnit": "14,48€/kg",
            "local_image_path": "Lebensmittel/Fertiggerichte/strhl_kse_fondue_classic.jpg"
          },
          {
            "image_urls": [
              "https://www.edeka24.de/out/pictures/generated/product/1/224_224_90/droetker_vitalis_knusper_flakes.jpg"
            ],
            "ItemTitle": "Dr.Oetker Vitalis Knusper Flakes 600G",
            "ItemPrice": "4,29€",
            "ItemUnit": "7,15€/kg",
            "local_image_path": "Wein/ Spirituosen/Spirituosen/highland_park_18_jahre_single_malt_whisky.jpg"
          },
          {
            "image_urls": [
              "https://www.edeka24.de/out/pictures/generated/product/1/224_224_90/milkana_frischeschale_salami_57_rahmstufe_190g.jpg"
            ],
            "ItemTitle": "Milkana Frischeschale Salami 57% Rahmstufe 190G",
            "ItemPrice": "2,69€",
            "ItemUnit": "14,16€/kg",
            "local_image_path": "Lebensmittel/Frühstück & Snacks/milkana_frischeschale_salami_57_rahmstufe_190g.jpg"
          },
          {
            "image_urls": [
              "https://www.edeka24.de/out/pictures/generated/product/1/224_224_90/edeka_premium_knusper_multifrucht_mamp252sli_500g.jpg"
            ],
            "ItemTitle": "EDEKA Knusper Müsli Multi Frucht 500G",
            "ItemPrice": "3,29€",
            "ItemUnit": "6,58€/kg",
            "local_image_path": "Wein/ Spirituosen/Spirituosen/highland_park_18_jahre_single_malt_whisky.jpg"
          },
          {
            "image_urls": [
              "https://www.edeka24.de/out/pictures/generated/product/1/224_224_90/aoste_kordelsalami.jpg"
            ],
            "ItemTitle": "Aoste Kordel-Salami luftgetrocknet 250G",
            "ItemPrice": "6,29€",
            "ItemUnit": "25,16€/kg",
            "local_image_path": "Lebensmittel/Frühstück & Snacks/aoste_kordelsalami.jpg"
          },
          {
            "image_urls": [
              "https://www.edeka24.de/out/pictures/generated/product/1/224_224_90/picomadeleines.jpg"
            ],
            "ItemTitle": "Pico Madeleines 250G",
            "ItemPrice": "2,39€",
            "ItemUnit": "9,56€/kg",
            "local_image_path": "Lebensmittel/Frühstück & Snacks/picomadeleines.jpg"
          },
          {
            "image_urls": [
              "https://www.edeka24.de/out/pictures/generated/product/1/224_224_90/bio_alnatura_pastete_olive_125g.jpg"
            ],
            "ItemTitle": "Alnatura Bio Pastete Olive 125G",
            "ItemPrice": "1,89€",
            "ItemUnit": "15,12€/kg",
            "local_image_path": "Lebensmittel/Frühstück & Snacks/bio_alnatura_pastete_olive_125g.jpg"
          },
          {
            "image_urls": [
              "https://www.edeka24.de/out/pictures/generated/product/1/224_224_90/adler_edelcreme_salami_100g.jpg"
            ],
            "ItemTitle": "Adler Edelcreme Salami 100G",
            "ItemPrice": "2,29€",
            "ItemUnit": "22,90€/kg",
            "local_image_path": "Lebensmittel/Frühstück & Snacks/adler_edelcreme_salami_100g.jpg"
          },
          {
            "image_urls": [
              "https://www.edeka24.de/out/pictures/generated/product/1/224_224_90/adler_edelcreme_kruter_rahmstufe_100g.jpg"
            ],
            "ItemTitle": "Adler Edelcreme Kräuter Rahmstufe 100G",
            "ItemPrice": "2,29€",
            "ItemUnit": "22,90€/kg",
            "local_image_path": "Lebensmittel/Frühstück & Snacks/adler_edelcreme_kruter_rahmstufe_100g.jpg"
          },
          {
            "image_urls": [
              "https://www.edeka24.de/out/pictures/generated/product/1/224_224_90/oetkermarmor.jpg"
            ],
            "ItemTitle": "Dr.Oetker Marmorkuchen 350G",
            "ItemPrice": "3,19€",
            "ItemUnit": "9,11€/kg",
            "local_image_path": "Lebensmittel/Frühstück & Snacks/oetkermarmor.jpg"
          },
          {
            "image_urls": [
              "https://www.edeka24.de/out/pictures/generated/product/1/224_224_90/corny_cocos_6er_150g.jpg"
            ],
            "ItemTitle": "Corny Cocos Riegel 6ST 150G",
            "ItemPrice": "1,69€",
            "ItemUnit": "11,27€/kg",
            "local_image_path": "Lebensmittel/Frühstück & Snacks/corny_cocos_6er_150g.jpg"
          },
          {
            "image_urls": [
              "https://www.edeka24.de/out/pictures/generated/product/1/224_224_90/alnaturahonigreiswaffeln.jpg"
            ],
            "ItemTitle": "Alnatura Bio Honig Reis Waffeln 3ST 96G",
            "ItemPrice": "1,89€",
            "ItemUnit": "19,69€/kg",
            "local_image_path": "Lebensmittel/Frühstück & Snacks/alnaturahonigreiswaffeln.jpg"
          },
          {
            "image_urls": [
              "https://www.edeka24.de/out/pictures/generated/product/1/224_224_90/alnaturaknckeedeli.jpg"
            ],
            "ItemTitle": "Alnatura Bio Knäcke-Brot Delikatess 250G",
            "ItemPrice": "1,79€",
            "ItemUnit": "7,16€/kg",
            "local_image_path": "Lebensmittel/Frühstück & Snacks/alnaturaknckeedeli.jpg"
          },
          {
            "image_urls": [
              "https://www.edeka24.de/out/pictures/generated/product/1/224_224_90/aoste_stickado_classique.jpg"
            ],
            "ItemTitle": "Aoste Stickado Classique 70G",
            "ItemPrice": "2,69€",
            "ItemUnit": "38,43€/kg",
            "local_image_path": "Wein/ Spirituosen/Spirituosen/highland_park_18_jahre_single_malt_whisky.jpg"
          },
          {
            "image_urls": [
              "https://www.edeka24.de/out/pictures/generated/product/1/224_224_90/wasa_knckebrot_vollkorn_260_g.jpg"
            ],
            "ItemTitle": "Wasa Knäckebrot Vollkorn 260G",
            "ItemPrice": "2,49€",
            "ItemUnit": "9,58€/kg",
            "local_image_path": "Lebensmittel/Frühstück & Snacks/wasa_knckebrot_vollkorn_260_g.jpg"
          },
          {
            "image_urls": [
              "https://www.edeka24.de/out/pictures/generated/product/1/224_224_90/alnatura_bio_fruchtaufstrich_sanddornorange.jpg"
            ],
            "ItemTitle": "Alnatura Bio Fruchtaufstrich Sanddorn-Orange 250G",
            "ItemPrice": "2,19€",
            "ItemUnit": "8,76€/kg",
            "local_image_path": "Lebensmittel/Frühstück & Snacks/alnatura_bio_fruchtaufstrich_sanddornorange.jpg"
          },
          {
            "image_urls": [
              "https://www.edeka24.de/out/pictures/generated/product/1/224_224_90/schwarzwaldhof_landjger_6_paar.jpg"
            ],
            "ItemTitle": "Schwarzwaldhof Landjäger 6 Paar 480G",
            "ItemPrice": "8,49€",
            "ItemUnit": "17,69€/kg",
            "local_image_path": "Lebensmittel/Konserven/schwarzwaldhof_landjger_6_paar.jpg"
          },
          {
            "image_urls": [
              "https://www.edeka24.de/out/pictures/generated/product/1/224_224_90/bio_alnatura_dinkelgrnkernbrot_500g.jpg"
            ],
            "ItemTitle": "Alnatura Bio Dinkelgrünkernbrot 500G",
            "ItemPrice": "2,19€",
            "ItemUnit": "4,38€/kg",
            "local_image_path": "Lebensmittel/Frühstück & Snacks/bio_alnatura_dinkelgrnkernbrot_500g.jpg"
          },
          {
            "image_urls": [
              "https://www.edeka24.de/out/pictures/generated/product/1/224_224_90/bio_edeka_kamp228sekamp252rbiskern_knamp228ckebrot_200g(1).jpg"
            ],
            "ItemTitle": "EDEKA Bio Käse-Kürbiskern Knäckebrot 200G",
            "ItemPrice": "2,29€",
            "ItemUnit": "11,45€/kg",
            "local_image_path": "Lebensmittel/Frühstück & Snacks/bio_edeka_kamp228sekamp252rbiskern_knamp228ckebrot_200g(1).jpg"
          },
          {
            "image_urls": [
              "https://www.edeka24.de/out/pictures/generated/product/1/224_224_90/alnatura_bio_schoko_reis_waffeln_zartbitter_orange_100g.jpg"
            ],
            "ItemTitle": "Alnatura Bio Schoko Reis Waffeln Zartbitter Orange 100G",
            "ItemPrice": "1,59€",
            "ItemUnit": "15,90€/kg",
            "local_image_path": "Lebensmittel/Süß & Salzig/alnatura_bio_schoko_reis_waffeln_zartbitter_orange_100g.jpg"
          },
          {
            "image_urls": [
              "https://www.edeka24.de/out/pictures/generated/product/1/224_224_90/burger_kamp252rbiskern_knamp228ckebrot_250g.jpg"
            ],
            "ItemTitle": "Burger Kürbiskern Knäckebrot 250G",
            "ItemPrice": "2,49€",
            "ItemUnit": "9,96€/kg",
            "local_image_path": "Lebensmittel/Frühstück & Snacks/burger_kamp252rbiskern_knamp228ckebrot_250g.jpg"
          },
          {
            "image_urls": [
              "https://www.edeka24.de/out/pictures/generated/product/1/224_224_90/mestemacher_high_protein_brot_fein_200g.jpg"
            ],
            "ItemTitle": "Mestemacher High Protein Brot fein 200G",
            "ItemPrice": "2,49€",
            "ItemUnit": "12,45€/kg",
            "local_image_path": "Lebensmittel/Frühstück & Snacks/mestemacher_high_protein_brot_fein_200g.jpg"
          },
          {
            "image_urls": [
              "https://www.edeka24.de/out/pictures/generated/product/1/224_224_90/pema_bio_barbara_rtting_brot_bioland_500_g(1).jpg"
            ],
            "ItemTitle": "Pema Bio Gewürz Brot nach Barbara Rütting 500G",
            "ItemPrice": "1,99€",
            "ItemUnit": "3,98€/kg",
            "local_image_path": "Lebensmittel/Frühstück & Snacks/pema_bio_barbara_rtting_brot_bioland_500_g(1).jpg"
          },
          {
            "image_urls": [
              "https://www.edeka24.de/out/pictures/generated/product/1/224_224_90/schwarzwaldhof_hllentaler_pfefferbeier_chili_150_g.jpg"
            ],
            "ItemTitle": "Schwarzwaldhof Chili-Beißer 150G",
            "ItemPrice": "3,99€",
            "ItemUnit": "26,60€/kg",
            "local_image_path": "Wein/ Spirituosen/Spirituosen/highland_park_18_jahre_single_malt_whisky.jpg"
          },
          {
            "image_urls": [
              "https://www.edeka24.de/out/pictures/generated/product/1/224_224_90/mestemeiwbrot_5karotten250g.jpg"
            ],
            "ItemTitle": "Mestemacher Karotten Eiweißbrot 250G",
            "ItemPrice": "2,49€",
            "ItemUnit": "9,96€/kg",
            "local_image_path": "Lebensmittel/Frühstück & Snacks/mestemeiwbrot_5karotten250g.jpg"
          },
          {
            "image_urls": [
              "https://www.edeka24.de/out/pictures/generated/product/1/224_224_90/natreenaprikosen-konfitre.jpg"
            ],
            "ItemTitle": "Natreen Aprikosen-Konfitüre 225G",
            "ItemPrice": "2,49€",
            "ItemUnit": "11,07€/kg",
            "local_image_path": "Lebensmittel/Frühstück & Snacks/natreenaprikosen-konfitre.jpg"
          },
          {
            "image_urls": [
              "https://www.edeka24.de/out/pictures/generated/product/1/224_224_90/bio_elandhonig_cremig_500g.jpg"
            ],
            "ItemTitle": "EDEKA Bio Landhonig cremig 500G",
            "ItemPrice": "4,29€",
            "ItemUnit": "8,58€/kg",
            "local_image_path": "Bio-Produkte/Bio Marken/bio_elandhonig_cremig_500g.jpg"
          },
          {
            "image_urls": [
              "https://www.edeka24.de/out/pictures/generated/product/1/224_224_90/natreen_waldfruchtkonfitre_225_g.jpg"
            ],
            "ItemTitle": "Natreen Waldfrucht-Konfitüre 225G",
            "ItemPrice": "2,49€",
            "ItemUnit": "11,07€/kg",
            "local_image_path": "Wein/ Spirituosen/Spirituosen/highland_park_18_jahre_single_malt_whisky.jpg"
          },
          {
            "image_urls": [
              "https://www.edeka24.de/out/pictures/generated/product/1/224_224_90/alnaturapaprika-cashewaufstrich.jpg"
            ],
            "ItemTitle": "Alnatura Bio Paprika-Cashew Aufstrich 125G",
            "ItemPrice": "1,89€",
            "ItemUnit": "15,12€/kg",
            "local_image_path": "Bio-Produkte/Frühstücksartikel von Alnatura/alnaturapaprika-cashewaufstrich.jpg"
          },
          {
            "image_urls": [
              "https://www.edeka24.de/out/pictures/generated/product/1/224_224_90/-4004363000406_iq.jpg"
            ],
            "ItemTitle": "Pico Madeleines mit Kakao 250G",
            "ItemPrice": "2,49€",
            "ItemUnit": "9,96€/kg",
            "local_image_path": "Lebensmittel/Süß & Salzig/-4004363000406_iq.jpg"
          },
          {
            "image_urls": [
              "https://www.edeka24.de/out/pictures/generated/product/1/224_224_90/strhl_kse_fondue_classic.jpg"
            ],
            "ItemTitle": "Strähl Käse Fondue Classic 400G",
            "ItemPrice": "5,79€",
            "ItemUnit": "14,48€/kg",
            "local_image_path": "Lebensmittel/Fertiggerichte/strhl_kse_fondue_classic.jpg"
          },
          {
            "image_urls": [
              "https://www.edeka24.de/out/pictures/generated/product/1/224_224_90/droetker_vitalis_knusper_flakes.jpg"
            ],
            "ItemTitle": "Dr.Oetker Vitalis Knusper Flakes 600G",
            "ItemPrice": "4,29€",
            "ItemUnit": "7,15€/kg",
            "local_image_path": "Wein/ Spirituosen/Spirituosen/highland_park_18_jahre_single_malt_whisky.jpg"
          },
          {
            "image_urls": [
              "https://www.edeka24.de/out/pictures/generated/product/1/224_224_90/edeka_premium_porridge_beere_350g(1).jpg"
            ],
            "ItemTitle": "EDEKA Haferhimmel Porridge Beeren 350G",
            "ItemPrice": "2,19€",
            "ItemUnit": "6,26€/kg",
            "local_image_path": "Wein/ Spirituosen/Spirituosen/highland_park_18_jahre_single_malt_whisky.jpg"
          },
          {
            "image_urls": [
              "https://www.edeka24.de/out/pictures/generated/product/1/224_224_90/alnatura_bio_dinkel_cracker_natur.jpg"
            ],
            "ItemTitle": "Alnatura Bio Dinkel Cracker natur 100G",
            "ItemPrice": "1,29€",
            "ItemUnit": "12,90€/kg",
            "local_image_path": "Bio-Produkte/Lebensmittel von Alnatura/alnatura_bio_dinkel_cracker_natur.jpg"
          },
          {
            "image_urls": [
              "https://www.edeka24.de/out/pictures/generated/product/1/224_224_90/bio_alnatura_linsenwaffeln_44g.jpg"
            ],
            "ItemTitle": "Alnatura Bio Linsenwaffeln 44G",
            "ItemPrice": "1,05€",
            "ItemUnit": "23,86€/kg",
            "local_image_path": "Wein/ Spirituosen/Spirituosen/highland_park_18_jahre_single_malt_whisky.jpg"
          },
          {
            "image_urls": [
              "https://www.edeka24.de/out/pictures/generated/product/1/224_224_90/natreenpflaumenmus.jpg"
            ],
            "ItemTitle": "Natreen Pflaumenmus 225G",
            "ItemPrice": "2,49€",
            "ItemUnit": "11,07€/kg",
            "local_image_path": "Wein/ Spirituosen/Spirituosen/highland_park_18_jahre_single_malt_whisky.jpg"
          },
          {
            "image_urls": [
              "https://www.edeka24.de/out/pictures/generated/product/1/224_224_90/klln_msli_knusper_schokominze_500_g.jpg"
            ],
            "ItemTitle": "Kölln Müsli Knusper Schoko-Minze 500G",
            "ItemPrice": "3,89€",
            "ItemUnit": "7,78€/kg",
            "local_image_path": "Wein/ Spirituosen/Spirituosen/highland_park_18_jahre_single_malt_whisky.jpg"
          },
          {
            "image_urls": [
              "https://www.edeka24.de/out/pictures/generated/product/1/224_224_90/edeka_fruchtliebe_milder_apfel_1l_dpg.jpg"
            ],
            "ItemTitle": "EDEKA Fruchtliebe Milder Apfel 1L",
            "ItemPrice": "1,49€",
            "ItemUnit": "1,49€/lzzgl.0,25€Pfand",
            "local_image_path": "Wein/ Spirituosen/Spirituosen/highland_park_18_jahre_single_malt_whisky.jpg"
          },
          {
            "image_urls": [
              "https://www.edeka24.de/out/pictures/generated/product/1/224_224_90/bifisalamibrot.jpg"
            ],
            "ItemTitle": "BiFi Salamibrot 2x55G",
            "ItemPrice": "3,19€",
            "ItemUnit": "29,00€/kg",
            "local_image_path": "Lebensmittel/Frühstück & Snacks/bifisalamibrot.jpg"
          },
          {
            "image_urls": [
              "https://www.edeka24.de/out/pictures/generated/product/1/224_224_90/schwarzwaldhof_beef_edition_landjger_aus_rindfleisch_75g.jpg"
            ],
            "ItemTitle": "Schwarzwaldhof Beef Edition Landjäger aus Rindfleisch 75G",
            "ItemPrice": "1,99€",
            "ItemUnit": "26,53€/kg",
            "local_image_path": "Wein/ Spirituosen/Spirituosen/highland_park_18_jahre_single_malt_whisky.jpg"
          },
          {
            "image_urls": [
              "https://www.edeka24.de/out/pictures/generated/product/1/224_224_90/bio_alnatura_pastete_champignon_125g.jpg"
            ],
            "ItemTitle": "Alnatura Bio Pastete Champignon 125G",
            "ItemPrice": "1,89€",
            "ItemUnit": "15,12€/kg",
            "local_image_path": "Bio-Produkte/Frühstücksartikel von Alnatura/bio_alnatura_pastete_champignon_125g.jpg"
          },
          {
            "image_urls": [
              "https://www.edeka24.de/out/pictures/generated/product/1/224_224_90/bio_alnatura_streichcreme_toskana_180g.jpg"
            ],
            "ItemTitle": "Alnatura Bio Streichcreme Toskana 180G",
            "ItemPrice": "1,89€",
            "ItemUnit": "10,50€/kg",
            "local_image_path": "Bio-Produkte/Frühstücksartikel von Alnatura/bio_alnatura_streichcreme_toskana_180g.jpg"
          },
          {
            "image_urls": [
              "https://www.edeka24.de/out/pictures/generated/product/1/224_224_90/ldlgelee_quitte_200g.jpg"
            ],
            "ItemTitle": "Landliebe Gelee Quitten 200G",
            "ItemPrice": "2,49€",
            "ItemUnit": "12,45€/kg",
            "local_image_path": "Lebensmittel/Frühstück & Snacks/ldlgelee_quitte_200g.jpg"
          },
          {
            "image_urls": [
              "https://www.edeka24.de/out/pictures/generated/product/1/224_224_90/schamp228r_panino_laugenbramp246tchen_100g.jpg"
            ],
            "ItemTitle": "Schär Panino Laugenbrötchen 100G",
            "ItemPrice": "2,49€",
            "ItemUnit": "24,90€/kg",
            "local_image_path": "Lebensmittel/Frühstück & Snacks/schamp228r_panino_laugenbramp246tchen_100g.jpg"
          },
          {
            "image_urls": [
              "https://www.edeka24.de/out/pictures/generated/product/1/224_224_90/zentis_frhstckskonfitre_fein_passiert_erdbeere_230g.jpg"
            ],
            "ItemTitle": "Zentis Frühstücks-Konfitüre fein passiert Erdbeere 230G",
            "ItemPrice": "1,99€",
            "ItemUnit": "8,65€/kg",
            "local_image_path": "Lebensmittel/Frühstück & Snacks/zentis_frhstckskonfitre_fein_passiert_erdbeere_230g.jpg"
          },
          {
            "image_urls": [
              "https://www.edeka24.de/out/pictures/generated/product/1/224_224_90/bio_edeka_vollkorn_kruste_mit_saatenmischung_300g.jpg"
            ],
            "ItemTitle": "EDEKA Bio Vollkorn Kruste mit Saatenmischung 300G",
            "ItemPrice": "2,49€",
            "ItemUnit": "8,30€/kg",
            "local_image_path": "Bio-Produkte/Bio Marken/bio_edeka_vollkorn_kruste_mit_saatenmischung_300g.jpg"
          },
          {
            "image_urls": [
              "https://www.edeka24.de/out/pictures/generated/product/1/224_224_90/alnaturamaiswaffel.jpg"
            ],
            "ItemTitle": "Alnatura Bio Maiswaffeln mit Meersalz 110G",
            "ItemPrice": "1,05€",
            "ItemUnit": "9,55€/kg",
            "local_image_path": "Wein/ Spirituosen/Spirituosen/highland_park_18_jahre_single_malt_whisky.jpg"
          },
          {
            "image_urls": [
              "https://www.edeka24.de/out/pictures/generated/product/1/224_224_90/edeka_energy_balls_datteln_haselnuss_kakao_145g.jpg"
            ],
            "ItemTitle": "EDEKA Energy Balls Datteln Haselnuss Kakao 145G",
            "ItemPrice": "2,79€",
            "ItemUnit": "19,24€/kg",
            "local_image_path": "Lebensmittel/Frühstück & Snacks/edeka_energy_balls_datteln_haselnuss_kakao_145g.jpg"
          },
          {
            "image_urls": [
              "https://www.edeka24.de/out/pictures/generated/product/1/224_224_90/bio_alnatura_linsen_dal_aufstrich_115g.jpg"
            ],
            "ItemTitle": "Alnatura Bio Linsen Dal Aufstrich 115G",
            "ItemPrice": "1,79€",
            "ItemUnit": "15,57€/kg",
            "local_image_path": "Bio-Produkte/Frühstücksartikel von Alnatura/bio_alnatura_linsen_dal_aufstrich_115g.jpg"
          },
          {
            "image_urls": [
              "https://www.edeka24.de/out/pictures/generated/product/1/224_224_90/bonnemamanmirabelle.jpg"
            ],
            "ItemTitle": "Bonne Maman Mirabellen-Konfitüre 370G",
            "ItemPrice": "3,49€",
            "ItemUnit": "9,43€/kg",
            "local_image_path": "Wein/ Spirituosen/Spirituosen/highland_park_18_jahre_single_malt_whisky.jpg"
          },
          {
            "image_urls": [
              "https://www.edeka24.de/out/pictures/generated/product/1/224_224_90/bio_alnatura_framp252chtemamp252sli_750g.jpg"
            ],
            "ItemTitle": "Alnatura Bio Früchte-Müsli 750G",
            "ItemPrice": "3,79€",
            "ItemUnit": "5,05€/kg",
            "local_image_path": "Wein/ Spirituosen/Spirituosen/highland_park_18_jahre_single_malt_whisky.jpg"
          },
          {
            "image_urls": [
              "https://www.edeka24.de/out/pictures/generated/product/1/224_224_90/schwartauexschwjohann.jpg"
            ],
            "ItemTitle": "Schwartau Extra Schwarze Johannisbeere 340G",
            "ItemPrice": "2,99€",
            "ItemUnit": "8,79€/kg",
            "local_image_path": "Wein/ Spirituosen/Spirituosen/highland_park_18_jahre_single_malt_whisky.jpg"
          },
          {
            "image_urls": [
              "https://www.edeka24.de/out/pictures/generated/product/1/224_224_90/alnatura_bio_haferflocken_feinblatt(1).jpg"
            ],
            "ItemTitle": "Alnatura Bio Haferflocken Feinblatt 1KG",
            "ItemPrice": "2,79€",
            "ItemUnit": "2,79€/kg",
            "local_image_path": "Bio-Produkte/Frühstücksartikel von Alnatura/alnatura_bio_haferflocken_feinblatt(1).jpg"
          },
          {
            "image_urls": [
              "https://www.edeka24.de/out/pictures/generated/product/1/224_224_90/bio_alnatura_pastete_kramp228uter_vegan_125g.jpg"
            ],
            "ItemTitle": "Alnatura Bio Pastete Kräuter 125G",
            "ItemPrice": "1,89€",
            "ItemUnit": "15,12€/kg",
            "local_image_path": "Bio-Produkte/Frühstücksartikel von Alnatura/bio_alnatura_pastete_kramp228uter_vegan_125g.jpg"
          },
          {
            "image_urls": [
              "https://www.edeka24.de/out/pictures/generated/product/1/224_224_90/lotus_biscoff_brotaufstrich_400_g.jpg"
            ],
            "ItemTitle": "Lotus Biscoff Brotaufstrich 400G",
            "ItemPrice": "3,49€",
            "ItemUnit": "8,73€/kg",
            "local_image_path": "Wein/ Spirituosen/Spirituosen/highland_park_18_jahre_single_malt_whisky.jpg"
          },
          {
            "image_urls": [
              "https://www.edeka24.de/out/pictures/generated/product/1/224_224_90/leichtampcroknusperbrvital125g.jpg"
            ],
            "ItemTitle": "Leicht & Cross Mein Knusperbrot Vital 125G",
            "ItemPrice": "1,49€",
            "ItemUnit": "11,92€/kg",
            "local_image_path": "Lebensmittel/Frühstück & Snacks/leichtampcroknusperbrvital125g.jpg"
          },
          {
            "image_urls": [
              "https://www.edeka24.de/out/pictures/generated/product/1/224_224_90/droetker_vitalis_knusper_schokobanane.jpg"
            ],
            "ItemTitle": "Dr.Oetker Vitalis Knusper Schoko-Banane 600G",
            "ItemPrice": "4,29€",
            "ItemUnit": "7,15€/kg",
            "local_image_path": "Lebensmittel/Frühstück & Snacks/droetker_vitalis_knusper_schokobanane.jpg"
          },
          {
            "image_urls": [
              "https://www.edeka24.de/out/pictures/generated/product/1/224_224_90/droetker_vitalis_knusper_pur_30_weniger_zucker.jpg"
            ],
            "ItemTitle": "Dr.Oetker Vitalis Knusper pur 30% weniger Zucker 600G",
            "ItemPrice": "4,29€",
            "ItemUnit": "7,15€/kg",
            "local_image_path": "Lebensmittel/Frühstück & Snacks/droetker_vitalis_knusper_pur_30_weniger_zucker.jpg"
          },
          {
            "image_urls": [
              "https://www.edeka24.de/out/pictures/generated/product/1/224_224_90/bio_alnatura_basis_mamp252sli_750g.jpg"
            ],
            "ItemTitle": "Alnatura Bio Basis Müsli 750G",
            "ItemPrice": "2,49€",
            "ItemUnit": "3,32€/kg",
            "local_image_path": "Bio-Produkte/Frühstücksartikel von Alnatura/bio_alnatura_basis_mamp252sli_750g.jpg"
          },
          {
            "image_urls": [
              "https://www.edeka24.de/out/pictures/generated/product/1/224_224_90/alnaturafruchtaufstrichhagebutte.jpg"
            ],
            "ItemTitle": "Alnatura Bio Fruchtaufstrich Hagebutte 260G",
            "ItemPrice": "2,19€",
            "ItemUnit": "8,42€/kg",
            "local_image_path": "Bio-Produkte/Frühstücksartikel von Alnatura/alnaturafruchtaufstrichhagebutte.jpg"
          },
          {
            "image_urls": [
              "https://www.edeka24.de/out/pictures/generated/product/1/224_224_90/bio_alnatura_pastete_delikatess_125g.jpg"
            ],
            "ItemTitle": "Alnatura Bio Pastete Delikatess 125G",
            "ItemPrice": "1,89€",
            "ItemUnit": "15,12€/kg",
            "local_image_path": "Bio-Produkte/Frühstücksartikel von Alnatura/bio_alnatura_pastete_delikatess_125g.jpg"
          },
          {
            "image_urls": [
              "https://www.edeka24.de/out/pictures/generated/product/1/224_224_90/flottebienegebirge.jpg"
            ],
            "ItemTitle": "Langnese Flotte Biene Gebirgsblüten Honig 250G",
            "ItemPrice": "3,59€",
            "ItemUnit": "14,36€/kg",
            "local_image_path": "Lebensmittel/Frühstück & Snacks/flottebienegebirge.jpg"
          },
          {
            "image_urls": [
              "https://www.edeka24.de/out/pictures/generated/product/1/224_224_90/mestermacher-pumpernickel.jpg"
            ],
            "ItemTitle": "Mestemacher Echt westfälischer Pumpernickel in der Dose 500G",
            "ItemPrice": "3,19€",
            "ItemUnit": "6,38€/kg",
            "local_image_path": "Lebensmittel/Frühstück & Snacks/mestermacher-pumpernickel.jpg"
          },
          {
            "image_urls": [
              "https://www.edeka24.de/out/pictures/generated/product/1/224_224_90/wasahafersesam.jpg"
            ],
            "ItemTitle": "Wasa Knäckebrot Hafer & Sesam 230G",
            "ItemPrice": "2,49€",
            "ItemUnit": "10,83€/kg",
            "local_image_path": "Wein/ Spirituosen/Spirituosen/highland_park_18_jahre_single_malt_whisky.jpg"
          },
          {
            "image_urls": [
              "https://www.edeka24.de/out/pictures/generated/product/1/224_224_90/mestemacherweizenpita.jpg"
            ],
            "ItemTitle": "Mestemacher Pita Brottaschen Weizen 400G",
            "ItemPrice": "2,69€",
            "ItemUnit": "6,73€/kg",
            "local_image_path": "Lebensmittel/Frühstück & Snacks/mestemacherweizenpita.jpg"
          },
          {
            "image_urls": [
              "https://www.edeka24.de/out/pictures/generated/product/1/224_224_90/darbo_konfitre_naturrein_rosenmarillen_450_g.jpg"
            ],
            "ItemTitle": "Darbo Konfitüre Naturrein Rosenmarillen 450G",
            "ItemPrice": "3,99€",
            "ItemUnit": "8,87€/kg",
            "local_image_path": "Lebensmittel/Frühstück & Snacks/darbo_konfitre_naturrein_rosenmarillen_450_g.jpg"
          },
          {
            "image_urls": [
              "https://www.edeka24.de/out/pictures/generated/product/1/224_224_90/bonnemamanmarone.jpg"
            ],
            "ItemTitle": "Bonne Maman Maronen-Creme 370G",
            "ItemPrice": "3,59€",
            "ItemUnit": "9,70€/kg",
            "local_image_path": "Lebensmittel/Frühstück & Snacks/bonnemamanmarone.jpg"
          },
          {
            "image_urls": [
              "https://www.edeka24.de/out/pictures/generated/product/1/224_224_90/schr_landbrot_275g.jpg"
            ],
            "ItemTitle": "Schär Landbrot 275G",
            "ItemPrice": "3,49€",
            "ItemUnit": "12,69€/kg",
            "local_image_path": "Wein/ Spirituosen/Spirituosen/highland_park_18_jahre_single_malt_whisky.jpg"
          },
          {
            "image_urls": [
              "https://www.edeka24.de/out/pictures/generated/product/1/224_224_90/alnatura_bio_fruchtaufstrich_marille_aprikose.jpg"
            ],
            "ItemTitle": "Alnatura Bio Fruchtaufstrich Marille Aprikose 420G",
            "ItemPrice": "3,19€",
            "ItemUnit": "7,60€/kg",
            "local_image_path": "Bio-Produkte/Frühstücksartikel von Alnatura/alnatura_bio_fruchtaufstrich_marille_aprikose.jpg"
          },
          {
            "image_urls": [
              "https://www.edeka24.de/out/pictures/generated/product/1/224_224_90/oevitalis_knschomuesli_600g.jpg"
            ],
            "ItemTitle": "Dr.Oetker Vitalis Knusper Müsli Schoko 600G",
            "ItemPrice": "4,29€",
            "ItemUnit": "7,15€/kg",
            "local_image_path": "Wein/ Spirituosen/Spirituosen/highland_park_18_jahre_single_malt_whisky.jpg"
          },
          {
            "image_urls": [
              "https://www.edeka24.de/out/pictures/generated/product/1/224_224_90/alnatura_bio_dinkel_cracker.jpg"
            ],
            "ItemTitle": "Alnatura Bio Dinkel Cracker Sesam 100G",
            "ItemPrice": "1,39€",
            "ItemUnit": "13,90€/kg",
            "local_image_path": "Bio-Produkte/Lebensmittel von Alnatura/alnatura_bio_dinkel_cracker.jpg"
          },
          {
            "image_urls": [
              "https://www.edeka24.de/out/pictures/generated/product/1/224_224_90/nestlelioncerealskarschok.jpg"
            ],
            "ItemTitle": "Nestle Lion Cereals 400G",
            "ItemPrice": "3,99€",
            "ItemUnit": "9,98€/kg",
            "local_image_path": "Lebensmittel/Frühstück & Snacks/nestlelioncerealskarschok.jpg"
          },
          {
            "image_urls": [
              "https://www.edeka24.de/out/pictures/generated/product/1/224_224_90/bio_alnatura_dinkelwaffeln_natur_100g.jpg"
            ],
            "ItemTitle": "Alnatura Bio Dinkel Waffeln Natur 100G",
            "ItemPrice": "1,09€",
            "ItemUnit": "10,90€/kg",
            "local_image_path": "Wein/ Spirituosen/Spirituosen/highland_park_18_jahre_single_malt_whisky.jpg"
          },
          {
            "image_urls": [
              "https://www.edeka24.de/out/pictures/generated/product/1/224_224_90/kllnkerni.jpg"
            ],
            "ItemTitle": "Kölln Echte Kernige Haferflocken 500G",
            "ItemPrice": "1,79€",
            "ItemUnit": "3,58€/kg",
            "local_image_path": "Lebensmittel/Frühstück & Snacks/kllnkerni.jpg"
          },
          {
            "image_urls": [
              "https://www.edeka24.de/out/pictures/generated/product/1/224_224_90/bonnemamanerdbeere.jpg"
            ],
            "ItemTitle": "Bonne Maman Erdbeer-Konfitüre 370G",
            "ItemPrice": "3,49€",
            "ItemUnit": "9,43€/kg",
            "local_image_path": "Wein/ Spirituosen/Spirituosen/highland_park_18_jahre_single_malt_whisky.jpg"
          },
          {
            "image_urls": [
              "https://www.edeka24.de/out/pictures/generated/product/1/224_224_90/wasarustikal.jpg"
            ],
            "ItemTitle": "Wasa Knäckebrot Rustikal 275G",
            "ItemPrice": "2,49€",
            "ItemUnit": "9,05€/kg",
            "local_image_path": "Wein/ Spirituosen/Spirituosen/highland_park_18_jahre_single_malt_whisky.jpg"
          },
          {
            "image_urls": [
              "https://www.edeka24.de/out/pictures/generated/product/1/224_224_90/leicht_amp_cross_knusperbrot_vollkorn_125_g_packung.jpg"
            ],
            "ItemTitle": "Leicht & Cross Mein Knusperbrot Vollkorn 125G",
            "ItemPrice": "1,49€",
            "ItemUnit": "11,92€/kg",
            "local_image_path": "Lebensmittel/Frühstück & Snacks/leicht_amp_cross_knusperbrot_vollkorn_125_g_packung.jpg"
          },
          {
            "image_urls": [
              "https://www.edeka24.de/out/pictures/generated/product/1/224_224_90/schwartexana.jpg"
            ],
            "ItemTitle": "Schwartau Extra Ananas 340G",
            "ItemPrice": "2,99€",
            "ItemUnit": "8,79€/kg",
            "local_image_path": "Lebensmittel/Frühstück & Snacks/schwartexana.jpg"
          },
          {
            "image_urls": [
              "https://www.edeka24.de/out/pictures/generated/product/1/224_224_90/edekabio_reiswaffelnnatur.jpg"
            ],
            "ItemTitle": "EDEKA Bio Reiswaffeln natur 100G",
            "ItemPrice": "0,99€",
            "ItemUnit": "9,90€/kg",
            "local_image_path": "Bio-Produkte/Bio Marken/edekabio_reiswaffelnnatur.jpg"
          },
          {
            "image_urls": [
              "https://www.edeka24.de/out/pictures/generated/product/1/224_224_90/wasa_selection_chia_amp_meersalz_245g.jpg"
            ],
            "ItemTitle": "Wasa Selection Chia & Meersalz 245G",
            "ItemPrice": "2,39€",
            "ItemUnit": "9,76€/kg",
            "local_image_path": "Wein/ Spirituosen/Spirituosen/highland_park_18_jahre_single_malt_whisky.jpg"
          },
          {
            "image_urls": [
              "https://www.edeka24.de/out/pictures/generated/product/1/224_224_90/alnaturakncroggdink.jpg"
            ],
            "ItemTitle": "Alnatura Bio Knäcke-Brot Roggen & Dinkel 250G",
            "ItemPrice": "2,19€",
            "ItemUnit": "8,76€/kg",
            "local_image_path": "Bio-Produkte/Frühstücksartikel von Alnatura/alnaturakncroggdink.jpg"
          },
          {
            "image_urls": [
              "https://www.edeka24.de/out/pictures/generated/product/1/224_224_90/zentis_frhstckskonfitre_extra_sauerkirsche_230g.jpg"
            ],
            "ItemTitle": "Zentis Frühstücks-Konfitüre Extra Sauerkirsche 230G",
            "ItemPrice": "1,99€",
            "ItemUnit": "8,65€/kg",
            "local_image_path": "Lebensmittel/Frühstück & Snacks/zentis_frhstckskonfitre_extra_sauerkirsche_230g.jpg"
          },
          {
            "image_urls": [
              "https://www.edeka24.de/out/pictures/generated/product/1/224_224_90/alnatura_bio_fruchtaufstrich_waldfrucht.jpg"
            ],
            "ItemTitle": "Alnatura Bio Fruchtaufstrich Waldfrucht 250G",
            "ItemPrice": "2,69€",
            "ItemUnit": "10,76€/kg",
            "local_image_path": "Bio-Produkte/Frühstücksartikel von Alnatura/alnatura_bio_fruchtaufstrich_waldfrucht.jpg"
          },
          {
            "image_urls": [
              "https://www.edeka24.de/out/pictures/generated/product/1/224_224_90/alnatura_bio_nuss_crunchy_375g.jpg"
            ],
            "ItemTitle": "Alnatura Bio Nuss Hafer Crunchy 375G",
            "ItemPrice": "3,59€",
            "ItemUnit": "9,57€/kg",
            "local_image_path": "Bio-Produkte/Frühstücksartikel von Alnatura/alnatura_bio_nuss_crunchy_375g.jpg"
          },
          {
            "image_urls": [
              "https://www.edeka24.de/out/pictures/generated/product/1/224_224_90/nestl-cini-minis-375-65g.jpg"
            ],
            "ItemTitle": "Nestle Cini Minis Zimt 375G",
            "ItemPrice": "3,99€",
            "ItemUnit": "10,64€/kg",
            "local_image_path": "Lebensmittel/Frühstück & Snacks/nestl-cini-minis-375-65g.jpg"
          },
          {
            "image_urls": [
              "https://www.edeka24.de/out/pictures/generated/product/1/224_224_90/schwartau_extra_schwarzkirsche_340g.jpg"
            ],
            "ItemTitle": "Schwartau Extra Schwarz-Kirsche 340G",
            "ItemPrice": "2,99€",
            "ItemUnit": "8,79€/kg",
            "local_image_path": "Wein/ Spirituosen/Spirituosen/highland_park_18_jahre_single_malt_whisky.jpg"
          },
          {
            "image_urls": [
              "https://www.edeka24.de/out/pictures/generated/product/1/224_224_90/alnatura_bio_fruchtaufstrich_himbeere_mit_agavendicksaft_200g.jpg"
            ],
            "ItemTitle": "Alnatura Bio Fruchtaufstrich Himbeere mit Agavendicksaft 200G",
            "ItemPrice": "3,29€",
            "ItemUnit": "16,45€/kg",
            "local_image_path": "Bio-Produkte/Frühstücksartikel von Alnatura/alnatura_bio_fruchtaufstrich_himbeere_mit_agavendicksaft_200g.jpg"
          },
          {
            "image_urls": [
              "https://www.edeka24.de/out/pictures/generated/product/1/224_224_90/klln_msli_schoko_30_weniger_zucker_600_g.jpg"
            ],
            "ItemTitle": "Kölln Müsli Schoko 30% weniger Zucker 600G",
            "ItemPrice": "3,89€",
            "ItemUnit": "6,48€/kg",
            "local_image_path": "Wein/ Spirituosen/Spirituosen/highland_park_18_jahre_single_malt_whisky.jpg"
          },
          {
            "image_urls": [
              "https://www.edeka24.de/out/pictures/generated/product/1/224_224_90/alnatura_bio_amaranth_gepufft.jpg"
            ],
            "ItemTitle": "Alnatura Bio Amaranth gepufft 125G",
            "ItemPrice": "1,89€",
            "ItemUnit": "15,12€/kg",
            "local_image_path": "Bio-Produkte/Frühstücksartikel von Alnatura/alnatura_bio_amaranth_gepufft.jpg"
          },
          {
            "image_urls": [
              "https://www.edeka24.de/out/pictures/generated/product/1/224_224_90/darbo_konfitre_extra_gartenerdbeere(1).jpg"
            ],
            "ItemTitle": "Darbo Konfitüre Naturrein Extra Garten Erdbeeren 450G",
            "ItemPrice": "3,99€",
            "ItemUnit": "8,87€/kg",
            "local_image_path": "Wein/ Spirituosen/Spirituosen/highland_park_18_jahre_single_malt_whisky.jpg"
          },
          {
            "image_urls": [
              "https://www.edeka24.de/out/pictures/generated/product/1/224_224_90/bio_alnatura_reiswaffelnzartbitter_100g.jpg"
            ],
            "ItemTitle": "Alnatura Bio Schoko Reis Waffeln Zartbitter 100G",
            "ItemPrice": "1,39€",
            "ItemUnit": "13,90€/kg",
            "local_image_path": "Wein/ Spirituosen/Spirituosen/highland_park_18_jahre_single_malt_whisky.jpg"
          },
          {
            "image_urls": [
              "https://www.edeka24.de/out/pictures/generated/product/1/224_224_90/bio_alnatura_mini_wiener_vegan_170g.jpg"
            ],
            "ItemTitle": "Bio Alnatura Mini Wiener vegan 170G",
            "ItemPrice": "3,19€",
            "ItemUnit": "18,76€/kg",
            "local_image_path": "Lebensmittel/Frühstück & Snacks/bio_alnatura_mini_wiener_vegan_170g.jpg"
          },
          {
            "image_urls": [
              "https://www.edeka24.de/out/pictures/generated/product/1/224_224_90/mestermacher-pumpernickel.jpg"
            ],
            "ItemTitle": "Mestemacher Echt westfälischer Pumpernickel in der Dose 500G",
            "ItemPrice": "3,19€",
            "ItemUnit": "6,38€/kg",
            "local_image_path": "Lebensmittel/Frühstück & Snacks/mestermacher-pumpernickel.jpg"
          },
          {
            "image_urls": [
              "https://www.edeka24.de/out/pictures/generated/product/1/224_224_90/wasahafersesam.jpg"
            ],
            "ItemTitle": "Wasa Knäckebrot Hafer & Sesam 230G",
            "ItemPrice": "2,49€",
            "ItemUnit": "10,83€/kg",
            "local_image_path": "Wein/ Spirituosen/Spirituosen/highland_park_18_jahre_single_malt_whisky.jpg"
          },
          {
            "image_urls": [
              "https://www.edeka24.de/out/pictures/generated/product/1/224_224_90/mestemacherweizenpita.jpg"
            ],
            "ItemTitle": "Mestemacher Pita Brottaschen Weizen 400G",
            "ItemPrice": "2,69€",
            "ItemUnit": "6,73€/kg",
            "local_image_path": "Lebensmittel/Frühstück & Snacks/mestemacherweizenpita.jpg"
          },
          {
            "image_urls": [
              "https://www.edeka24.de/out/pictures/generated/product/1/224_224_90/darbo_konfitre_naturrein_rosenmarillen_450_g.jpg"
            ],
            "ItemTitle": "Darbo Konfitüre Naturrein Rosenmarillen 450G",
            "ItemPrice": "3,99€",
            "ItemUnit": "8,87€/kg",
            "local_image_path": "Lebensmittel/Frühstück & Snacks/darbo_konfitre_naturrein_rosenmarillen_450_g.jpg"
          },
          {
            "image_urls": [
              "https://www.edeka24.de/out/pictures/generated/product/1/224_224_90/bonnemamanmarone.jpg"
            ],
            "ItemTitle": "Bonne Maman Maronen-Creme 370G",
            "ItemPrice": "3,59€",
            "ItemUnit": "9,70€/kg",
            "local_image_path": "Lebensmittel/Frühstück & Snacks/bonnemamanmarone.jpg"
          },
          {
            "image_urls": [
              "https://www.edeka24.de/out/pictures/generated/product/1/224_224_90/schr_landbrot_275g.jpg"
            ],
            "ItemTitle": "Schär Landbrot 275G",
            "ItemPrice": "3,49€",
            "ItemUnit": "12,69€/kg",
            "local_image_path": "Wein/ Spirituosen/Spirituosen/highland_park_18_jahre_single_malt_whisky.jpg"
          },
          {
            "image_urls": [
              "https://www.edeka24.de/out/pictures/generated/product/1/224_224_90/alnatura_bio_fruchtaufstrich_marille_aprikose.jpg"
            ],
            "ItemTitle": "Alnatura Bio Fruchtaufstrich Marille Aprikose 420G",
            "ItemPrice": "3,19€",
            "ItemUnit": "7,60€/kg",
            "local_image_path": "Bio-Produkte/Frühstücksartikel von Alnatura/alnatura_bio_fruchtaufstrich_marille_aprikose.jpg"
          },
          {
            "image_urls": [
              "https://www.edeka24.de/out/pictures/generated/product/1/224_224_90/oevitalis_knschomuesli_600g.jpg"
            ],
            "ItemTitle": "Dr.Oetker Vitalis Knusper Müsli Schoko 600G",
            "ItemPrice": "4,29€",
            "ItemUnit": "7,15€/kg",
            "local_image_path": "Wein/ Spirituosen/Spirituosen/highland_park_18_jahre_single_malt_whisky.jpg"
          },
          {
            "image_urls": [
              "https://www.edeka24.de/out/pictures/generated/product/1/224_224_90/alnatura_bio_dinkel_cracker.jpg"
            ],
            "ItemTitle": "Alnatura Bio Dinkel Cracker Sesam 100G",
            "ItemPrice": "1,39€",
            "ItemUnit": "13,90€/kg",
            "local_image_path": "Bio-Produkte/Lebensmittel von Alnatura/alnatura_bio_dinkel_cracker.jpg"
          },
          {
            "image_urls": [
              "https://www.edeka24.de/out/pictures/generated/product/1/224_224_90/nestlelioncerealskarschok.jpg"
            ],
            "ItemTitle": "Nestle Lion Cereals 400G",
            "ItemPrice": "3,99€",
            "ItemUnit": "9,98€/kg",
            "local_image_path": "Lebensmittel/Frühstück & Snacks/nestlelioncerealskarschok.jpg"
          },
          {
            "image_urls": [
              "https://www.edeka24.de/out/pictures/generated/product/1/224_224_90/bio_alnatura_dinkelwaffeln_natur_100g.jpg"
            ],
            "ItemTitle": "Alnatura Bio Dinkel Waffeln Natur 100G",
            "ItemPrice": "1,09€",
            "ItemUnit": "10,90€/kg",
            "local_image_path": "Wein/ Spirituosen/Spirituosen/highland_park_18_jahre_single_malt_whisky.jpg"
          },
          {
            "image_urls": [
              "https://www.edeka24.de/out/pictures/generated/product/1/224_224_90/kllnkerni.jpg"
            ],
            "ItemTitle": "Kölln Echte Kernige Haferflocken 500G",
            "ItemPrice": "1,79€",
            "ItemUnit": "3,58€/kg",
            "local_image_path": "Lebensmittel/Frühstück & Snacks/kllnkerni.jpg"
          },
          {
            "image_urls": [
              "https://www.edeka24.de/out/pictures/generated/product/1/224_224_90/bonnemamanerdbeere.jpg"
            ],
            "ItemTitle": "Bonne Maman Erdbeer-Konfitüre 370G",
            "ItemPrice": "3,49€",
            "ItemUnit": "9,43€/kg",
            "local_image_path": "Wein/ Spirituosen/Spirituosen/highland_park_18_jahre_single_malt_whisky.jpg"
          },
          {
            "image_urls": [
              "https://www.edeka24.de/out/pictures/generated/product/1/224_224_90/wasarustikal.jpg"
            ],
            "ItemTitle": "Wasa Knäckebrot Rustikal 275G",
            "ItemPrice": "2,49€",
            "ItemUnit": "9,05€/kg",
            "local_image_path": "Wein/ Spirituosen/Spirituosen/highland_park_18_jahre_single_malt_whisky.jpg"
          },
          {
            "image_urls": [
              "https://www.edeka24.de/out/pictures/generated/product/1/224_224_90/leicht_amp_cross_knusperbrot_vollkorn_125_g_packung.jpg"
            ],
            "ItemTitle": "Leicht & Cross Mein Knusperbrot Vollkorn 125G",
            "ItemPrice": "1,49€",
            "ItemUnit": "11,92€/kg",
            "local_image_path": "Lebensmittel/Frühstück & Snacks/leicht_amp_cross_knusperbrot_vollkorn_125_g_packung.jpg"
          },
          {
            "image_urls": [
              "https://www.edeka24.de/out/pictures/generated/product/1/224_224_90/schwartexana.jpg"
            ],
            "ItemTitle": "Schwartau Extra Ananas 340G",
            "ItemPrice": "2,99€",
            "ItemUnit": "8,79€/kg",
            "local_image_path": "Lebensmittel/Frühstück & Snacks/schwartexana.jpg"
          },
          {
            "image_urls": [
              "https://www.edeka24.de/out/pictures/generated/product/1/224_224_90/edekabio_reiswaffelnnatur.jpg"
            ],
            "ItemTitle": "EDEKA Bio Reiswaffeln natur 100G",
            "ItemPrice": "0,99€",
            "ItemUnit": "9,90€/kg",
            "local_image_path": "Bio-Produkte/Bio Marken/edekabio_reiswaffelnnatur.jpg"
          },
          {
            "image_urls": [
              "https://www.edeka24.de/out/pictures/generated/product/1/224_224_90/wasa_selection_chia_amp_meersalz_245g.jpg"
            ],
            "ItemTitle": "Wasa Selection Chia & Meersalz 245G",
            "ItemPrice": "2,39€",
            "ItemUnit": "9,76€/kg",
            "local_image_path": "Wein/ Spirituosen/Spirituosen/highland_park_18_jahre_single_malt_whisky.jpg"
          },
          {
            "image_urls": [
              "https://www.edeka24.de/out/pictures/generated/product/1/224_224_90/alnaturakncroggdink.jpg"
            ],
            "ItemTitle": "Alnatura Bio Knäcke-Brot Roggen & Dinkel 250G",
            "ItemPrice": "2,19€",
            "ItemUnit": "8,76€/kg",
            "local_image_path": "Bio-Produkte/Frühstücksartikel von Alnatura/alnaturakncroggdink.jpg"
          },
          {
            "image_urls": [
              "https://www.edeka24.de/out/pictures/generated/product/1/224_224_90/zentis_frhstckskonfitre_extra_sauerkirsche_230g.jpg"
            ],
            "ItemTitle": "Zentis Frühstücks-Konfitüre Extra Sauerkirsche 230G",
            "ItemPrice": "1,99€",
            "ItemUnit": "8,65€/kg",
            "local_image_path": "Lebensmittel/Frühstück & Snacks/zentis_frhstckskonfitre_extra_sauerkirsche_230g.jpg"
          },
          {
            "image_urls": [
              "https://www.edeka24.de/out/pictures/generated/product/1/224_224_90/alnatura_bio_fruchtaufstrich_waldfrucht.jpg"
            ],
            "ItemTitle": "Alnatura Bio Fruchtaufstrich Waldfrucht 250G",
            "ItemPrice": "2,69€",
            "ItemUnit": "10,76€/kg",
            "local_image_path": "Bio-Produkte/Frühstücksartikel von Alnatura/alnatura_bio_fruchtaufstrich_waldfrucht.jpg"
          },
          {
            "image_urls": [
              "https://www.edeka24.de/out/pictures/generated/product/1/224_224_90/alnatura_bio_nuss_crunchy_375g.jpg"
            ],
            "ItemTitle": "Alnatura Bio Nuss Hafer Crunchy 375G",
            "ItemPrice": "3,59€",
            "ItemUnit": "9,57€/kg",
            "local_image_path": "Bio-Produkte/Frühstücksartikel von Alnatura/alnatura_bio_nuss_crunchy_375g.jpg"
          },
          {
            "image_urls": [
              "https://www.edeka24.de/out/pictures/generated/product/1/224_224_90/nestl-cini-minis-375-65g.jpg"
            ],
            "ItemTitle": "Nestle Cini Minis Zimt 375G",
            "ItemPrice": "3,99€",
            "ItemUnit": "10,64€/kg",
            "local_image_path": "Lebensmittel/Frühstück & Snacks/nestl-cini-minis-375-65g.jpg"
          },
          {
            "image_urls": [
              "https://www.edeka24.de/out/pictures/generated/product/1/224_224_90/schwartau_extra_schwarzkirsche_340g.jpg"
            ],
            "ItemTitle": "Schwartau Extra Schwarz-Kirsche 340G",
            "ItemPrice": "2,99€",
            "ItemUnit": "8,79€/kg",
            "local_image_path": "Wein/ Spirituosen/Spirituosen/highland_park_18_jahre_single_malt_whisky.jpg"
          },
          {
            "image_urls": [
              "https://www.edeka24.de/out/pictures/generated/product/1/224_224_90/alnatura_bio_fruchtaufstrich_himbeere_mit_agavendicksaft_200g.jpg"
            ],
            "ItemTitle": "Alnatura Bio Fruchtaufstrich Himbeere mit Agavendicksaft 200G",
            "ItemPrice": "3,29€",
            "ItemUnit": "16,45€/kg",
            "local_image_path": "Bio-Produkte/Frühstücksartikel von Alnatura/alnatura_bio_fruchtaufstrich_himbeere_mit_agavendicksaft_200g.jpg"
          },
          {
            "image_urls": [
              "https://www.edeka24.de/out/pictures/generated/product/1/224_224_90/klln_msli_schoko_30_weniger_zucker_600_g.jpg"
            ],
            "ItemTitle": "Kölln Müsli Schoko 30% weniger Zucker 600G",
            "ItemPrice": "3,89€",
            "ItemUnit": "6,48€/kg",
            "local_image_path": "Wein/ Spirituosen/Spirituosen/highland_park_18_jahre_single_malt_whisky.jpg"
          },
          {
            "image_urls": [
              "https://www.edeka24.de/out/pictures/generated/product/1/224_224_90/alnatura_bio_amaranth_gepufft.jpg"
            ],
            "ItemTitle": "Alnatura Bio Amaranth gepufft 125G",
            "ItemPrice": "1,89€",
            "ItemUnit": "15,12€/kg",
            "local_image_path": "Bio-Produkte/Frühstücksartikel von Alnatura/alnatura_bio_amaranth_gepufft.jpg"
          },
          {
            "image_urls": [
              "https://www.edeka24.de/out/pictures/generated/product/1/224_224_90/darbo_konfitre_extra_gartenerdbeere(1).jpg"
            ],
            "ItemTitle": "Darbo Konfitüre Naturrein Extra Garten Erdbeeren 450G",
            "ItemPrice": "3,99€",
            "ItemUnit": "8,87€/kg",
            "local_image_path": "Wein/ Spirituosen/Spirituosen/highland_park_18_jahre_single_malt_whisky.jpg"
          },
          {
            "image_urls": [
              "https://www.edeka24.de/out/pictures/generated/product/1/224_224_90/bio_alnatura_reiswaffelnzartbitter_100g.jpg"
            ],
            "ItemTitle": "Alnatura Bio Schoko Reis Waffeln Zartbitter 100G",
            "ItemPrice": "1,39€",
            "ItemUnit": "13,90€/kg",
            "local_image_path": "Wein/ Spirituosen/Spirituosen/highland_park_18_jahre_single_malt_whisky.jpg"
          },
          {
            "image_urls": [
              "https://www.edeka24.de/out/pictures/generated/product/1/224_224_90/bio_alnatura_mini_wiener_vegan_170g.jpg"
            ],
            "ItemTitle": "Bio Alnatura Mini Wiener vegan 170G",
            "ItemPrice": "3,19€",
            "ItemUnit": "18,76€/kg",
            "local_image_path": "Lebensmittel/Frühstück & Snacks/bio_alnatura_mini_wiener_vegan_170g.jpg"
          },
          {
            "image_urls": [
              "https://www.edeka24.de/out/pictures/generated/product/1/224_224_90/bio_alnatura_kidneybohnepaprika_chili_aufstrich_140g.jpg"
            ],
            "ItemTitle": "Alnatura Bio Kidneybohne Paprika Chili Aufstrich 140G",
            "ItemPrice": "2,29€",
            "ItemUnit": "16,36€/kg",
            "local_image_path": "Bio-Produkte/Frühstücksartikel von Alnatura/bio_alnatura_kidneybohnepaprika_chili_aufstrich_140g.jpg"
          },
          {
            "image_urls": [
              "https://www.edeka24.de/out/pictures/generated/product/1/224_224_90/droetker_vitalis_knusper_msli_schoko_feinherb.jpg"
            ],
            "ItemTitle": "Dr.Oetker Vitalis Knusper Müsli Schoko feinherb 600G",
            "ItemPrice": "4,29€",
            "ItemUnit": "7,15€/kg",
            "local_image_path": "Wein/ Spirituosen/Spirituosen/highland_park_18_jahre_single_malt_whisky.jpg"
          },
          {
            "image_urls": [
              "https://www.edeka24.de/out/pictures/generated/product/1/224_224_90/alnatura_bio_hummus_sonnentomate_180g.jpg"
            ],
            "ItemTitle": "Alnatura Bio Hummus Sonnentomate 180G",
            "ItemPrice": "2,29€",
            "ItemUnit": "12,72€/kg",
            "local_image_path": "Bio-Produkte/Frühstücksartikel von Alnatura/alnatura_bio_hummus_sonnentomate_180g.jpg"
          },
          {
            "image_urls": [
              "https://www.edeka24.de/out/pictures/generated/product/1/224_224_90/wasadcrosemaryseasalt.jpg"
            ],
            "ItemTitle": "Wasa Delicate Crisp Rosemary & Sea Salt 190G",
            "ItemPrice": "3,19€",
            "ItemUnit": "16,79€/kg",
            "local_image_path": "Lebensmittel/Frühstück & Snacks/wasadcrosemaryseasalt.jpg"
          },
          {
            "image_urls": [
              "https://www.edeka24.de/out/pictures/generated/product/1/224_224_90/alnatura_bio_fruchtaufstrich_erdbeere.jpg"
            ],
            "ItemTitle": "Alnatura Bio Fruchtaufstrich Erdbeere 420G",
            "ItemPrice": "3,19€",
            "ItemUnit": "7,60€/kg",
            "local_image_path": "Bio-Produkte/Frühstücksartikel von Alnatura/alnatura_bio_fruchtaufstrich_erdbeere.jpg"
          },
          {
            "image_urls": [
              "https://www.edeka24.de/out/pictures/generated/product/1/224_224_90/ldlgelee_johanisbeere_200g.jpg"
            ],
            "ItemTitle": "Landliebe Gelee Johannisbeeren 200G",
            "ItemPrice": "2,49€",
            "ItemUnit": "12,45€/kg",
            "local_image_path": "Lebensmittel/Frühstück & Snacks/ldlgelee_johanisbeere_200g.jpg"
          },
          {
            "image_urls": [
              "https://www.edeka24.de/out/pictures/generated/product/1/224_224_90/natreen_erdbeerkonfitre.jpg"
            ],
            "ItemTitle": "Natreen Erdbeer-Konfitüre 225G",
            "ItemPrice": "2,49€",
            "ItemUnit": "11,07€/kg",
            "local_image_path": "Wein/ Spirituosen/Spirituosen/highland_park_18_jahre_single_malt_whisky.jpg"
          },
          {
            "image_urls": [
              "https://www.edeka24.de/out/pictures/generated/product/1/224_224_90/alnatura_bio_bltenhonig.jpg"
            ],
            "ItemTitle": "Alnatura Bio Blütenhonig 350G",
            "ItemPrice": "4,29€",
            "ItemUnit": "12,26€/kg",
            "local_image_path": "Bio-Produkte/Frühstücksartikel von Alnatura/alnatura_bio_bltenhonig.jpg"
          },
          {
            "image_urls": [
              "https://www.edeka24.de/out/pictures/generated/product/1/224_224_90/bonne_maman_aprikosenkonfitre.jpg"
            ],
            "ItemTitle": "Bonne Maman Aprikosen-Konfitüre 370G",
            "ItemPrice": "3,49€",
            "ItemUnit": "9,43€/kg",
            "local_image_path": "Wein/ Spirituosen/Spirituosen/highland_park_18_jahre_single_malt_whisky.jpg"
          },
          {
            "image_urls": [
              "https://www.edeka24.de/out/pictures/generated/product/1/224_224_90/bonne_maman_kirschkonfitre.jpg"
            ],
            "ItemTitle": "Bonne Maman Kirsch-Konfitüre 370G",
            "ItemPrice": "3,49€",
            "ItemUnit": "9,43€/kg",
            "local_image_path": "Lebensmittel/Frühstück & Snacks/bonne_maman_kirschkonfitre.jpg"
          },
          {
            "image_urls": [
              "https://www.edeka24.de/out/pictures/generated/product/1/224_224_90/weissenfillinchen_ballast75g.jpg"
            ],
            "ItemTitle": "Filinchen Das Knusper-Brot Ballaststoff 75G",
            "ItemPrice": "1,19€",
            "ItemUnit": "15,87€/kg",
            "local_image_path": "Wein/ Spirituosen/Spirituosen/highland_park_18_jahre_single_malt_whisky.jpg"
          },
          {
            "image_urls": [
              "https://www.edeka24.de/out/pictures/generated/product/1/224_224_90/schwartau_extra_waldfrucht_340g.jpg"
            ],
            "ItemTitle": "Schwartau Extra Waldfrucht 340G",
            "ItemPrice": "2,99€",
            "ItemUnit": "8,79€/kg",
            "local_image_path": "Lebensmittel/Frühstück & Snacks/schwartau_extra_waldfrucht_340g.jpg"
          },
          {
            "image_urls": [
              "https://www.edeka24.de/out/pictures/generated/product/1/224_224_90/schwartexapri.jpg"
            ],
            "ItemTitle": "Schwartau Extra Aprikose 340G",
            "ItemPrice": "2,99€",
            "ItemUnit": "8,79€/kg",
            "local_image_path": "Wein/ Spirituosen/Spirituosen/highland_park_18_jahre_single_malt_whisky.jpg"
          },
          {
            "image_urls": [
              "https://www.edeka24.de/out/pictures/generated/product/1/224_224_90/drschaer_cornflakes_vita250g.jpg"
            ],
            "ItemTitle": "Schär Corn Flakes High in Vitamin B 250G",
            "ItemPrice": "2,59€",
            "ItemUnit": "10,36€/kg",
            "local_image_path": "Lebensmittel/Frühstück & Snacks/drschaer_cornflakes_vita250g.jpg"
          },
          {
            "image_urls": [
              "https://www.edeka24.de/out/pictures/generated/product/1/224_224_90/bio_alnatura_bruschetta_schwarze_olive_130g.jpg"
            ],
            "ItemTitle": "Alnatura Bio Bruschetta Schwarze Olive 130G",
            "ItemPrice": "3,49€",
            "ItemUnit": "26,85€/kg",
            "local_image_path": "Bio-Produkte/Frühstücksartikel von Alnatura/bio_alnatura_bruschetta_schwarze_olive_130g.jpg"
          },
          {
            "image_urls": [
              "https://www.edeka24.de/out/pictures/generated/product/1/224_224_90/4104420037465-alnatura-bio-fruchtaufstrichhimbeere.jpg"
            ],
            "ItemTitle": "Alnatura Bio Fruchtaufstrich Himbeere 420G",
            "ItemPrice": "3,99€",
            "ItemUnit": "9,50€/kg",
            "local_image_path": "Bio-Produkte/Frühstücksartikel von Alnatura/4104420037465-alnatura-bio-fruchtaufstrichhimbeere.jpg"
          },
          {
            "image_urls": [
              "https://www.edeka24.de/out/pictures/generated/product/1/224_224_90/klln_bio_haferflocken_zart_500g.jpg"
            ],
            "ItemTitle": "Kölln Bio Haferflocken zart 500G",
            "ItemPrice": "2,39€",
            "ItemUnit": "4,78€/kg",
            "local_image_path": "Lebensmittel/Frühstück & Snacks/klln_bio_haferflocken_zart_500g.jpg"
          },
          {
            "image_urls": [
              "https://www.edeka24.de/out/pictures/generated/product/1/224_224_90/simmler_konfitre_extra_sauerkirsche_450_g.jpg"
            ],
            "ItemTitle": "Simmler Konfitüre EXTRA Sauerkirsche 450G",
            "ItemPrice": "4,29€",
            "ItemUnit": "9,53€/kg",
            "local_image_path": "Lebensmittel/Frühstück & Snacks/simmler_konfitre_extra_sauerkirsche_450_g.jpg"
          },
          {
            "image_urls": [
              "https://www.edeka24.de/out/pictures/generated/product/1/224_224_90/pema_frnkisch_vollkorn_500_g.jpg"
            ],
            "ItemTitle": "Pema Fränkisch Vollkorn 500G",
            "ItemPrice": "2,29€",
            "ItemUnit": "4,58€/kg",
            "local_image_path": "Wein/ Spirituosen/Spirituosen/highland_park_18_jahre_single_malt_whisky.jpg"
          },
          {
            "image_urls": [
              "https://www.edeka24.de/out/pictures/generated/product/1/224_224_90/klln_msli_schoko_600_g.jpg"
            ],
            "ItemTitle": "Kölln Müsli Schoko 600G",
            "ItemPrice": "3,89€",
            "ItemUnit": "6,48€/kg",
            "local_image_path": "Wein/ Spirituosen/Spirituosen/highland_park_18_jahre_single_malt_whisky.jpg"
          },
          {
            "image_urls": [
              "https://www.edeka24.de/out/pictures/generated/product/1/224_224_90/4023300936806langnese3ermini-spezialitten.jpg"
            ],
            "ItemTitle": "Langnese Mini-Honig-Spezialitäten 3ST 99,9G",
            "ItemPrice": "3,79€",
            "ItemUnit": "37,94€/kg",
            "local_image_path": "Lebensmittel/Frühstück & Snacks/4023300936806langnese3ermini-spezialitten.jpg"
          },
          {
            "image_urls": [
              "https://www.edeka24.de/out/pictures/generated/product/1/224_224_90/alnaturakncses.jpg"
            ],
            "ItemTitle": "Alnatura Bio Knäcke-Brot Sesam 250G",
            "ItemPrice": "2,19€",
            "ItemUnit": "8,76€/kg",
            "local_image_path": "Bio-Produkte/Frühstücksartikel von Alnatura/alnaturakncses.jpg"
          },
          {
            "image_urls": [
              "https://www.edeka24.de/out/pictures/generated/product/1/224_224_90/alnatura_bio_linsenaufstrich_wie_leberwurst_165_g.jpg"
            ],
            "ItemTitle": "Alnatura Bio Linsenaufstrich wie Leberwurst 165G",
            "ItemPrice": "2,49€",
            "ItemUnit": "15,09€/kg",
            "local_image_path": "Bio-Produkte/Frühstücksartikel von Alnatura/alnatura_bio_linsenaufstrich_wie_leberwurst_165_g.jpg"
          },
          {
            "image_urls": [
              "https://www.edeka24.de/out/pictures/generated/product/1/224_224_90/schwartauexhimbeer.jpg"
            ],
            "ItemTitle": "Schwartau Extra Himbeere 340G",
            "ItemPrice": "3,29€",
            "ItemUnit": "9,68€/kg",
            "local_image_path": "Wein/ Spirituosen/Spirituosen/highland_park_18_jahre_single_malt_whisky.jpg"
          },
          {
            "image_urls": [
              "https://www.edeka24.de/out/pictures/generated/product/1/224_224_90/bio_edeka_haferbar_team_deutschland_frucht_60g(1).jpg"
            ],
            "ItemTitle": "EDEKA Bio Haferbar Flapjack Team Deutschland Frucht 60G",
            "ItemPrice": "1,49€",
            "ItemUnit": "24,83€/kg",
            "local_image_path": "Bio-Produkte/Bio Marken/bio_edeka_haferbar_team_deutschland_frucht_60g(1).jpg"
          },
          {
            "image_urls": [
              "https://www.edeka24.de/out/pictures/generated/product/1/224_224_90/bio_alnatura_kokos_crunchy_375g.jpg"
            ],
            "ItemTitle": "Alnatura Bio Kokos Crunchy 375G",
            "ItemPrice": "3,49€",
            "ItemUnit": "9,31€/kg",
            "local_image_path": "Bio-Produkte/Frühstücksartikel von Alnatura/bio_alnatura_kokos_crunchy_375g.jpg"
          },
          {
            "image_urls": [
              "https://www.edeka24.de/out/pictures/generated/product/1/224_224_90/bonnemamanbrombeerkonfitre.jpg"
            ],
            "ItemTitle": "Bonne Maman Brombeer-Konfitüre 370G",
            "ItemPrice": "4,29€",
            "ItemUnit": "11,59€/kg",
            "local_image_path": "Lebensmittel/Frühstück & Snacks/bonnemamanbrombeerkonfitre.jpg"
          },
          {
            "image_urls": [
              "https://www.edeka24.de/out/pictures/generated/product/1/224_224_90/bonne_maman_pfirsich_370g.jpg"
            ],
            "ItemTitle": "Bonne Maman Pfirsich-Konfitüre 370G",
            "ItemPrice": "3,49€",
            "ItemUnit": "9,43€/kg",
            "local_image_path": "Lebensmittel/Frühstück & Snacks/bonne_maman_pfirsich_370g.jpg"
          },
          {
            "image_urls": [
              "https://www.edeka24.de/out/pictures/generated/product/1/224_224_90/oetkvitfruechtemuesli_500g.jpg"
            ],
            "ItemTitle": "Dr.Oetker Vitalis Früchtemüsli 500G",
            "ItemPrice": "4,29€",
            "ItemUnit": "8,58€/kg",
            "local_image_path": "Wein/ Spirituosen/Spirituosen/highland_park_18_jahre_single_malt_whisky.jpg"
          },
          {
            "image_urls": [
              "https://www.edeka24.de/out/pictures/generated/product/1/224_224_90/glamp252ck_fruchtaufstrich_erdbeere_230g.jpg"
            ],
            "ItemTitle": "Glück Fruchtaufstrich Erdbeere 230G",
            "ItemPrice": "3,29€",
            "ItemUnit": "14,30€/kg",
            "local_image_path": "Lebensmittel/Frühstück & Snacks/glamp252ck_fruchtaufstrich_erdbeere_230g.jpg"
          },
          {
            "image_urls": [
              "https://www.edeka24.de/out/pictures/generated/product/1/224_224_90/bio_alnatura_kidneybohnepaprika_chili_aufstrich_140g.jpg"
            ],
            "ItemTitle": "Alnatura Bio Kidneybohne Paprika Chili Aufstrich 140G",
            "ItemPrice": "2,29€",
            "ItemUnit": "16,36€/kg",
            "local_image_path": "Bio-Produkte/Frühstücksartikel von Alnatura/bio_alnatura_kidneybohnepaprika_chili_aufstrich_140g.jpg"
          },
          {
            "image_urls": [
              "https://www.edeka24.de/out/pictures/generated/product/1/224_224_90/droetker_vitalis_knusper_msli_schoko_feinherb.jpg"
            ],
            "ItemTitle": "Dr.Oetker Vitalis Knusper Müsli Schoko feinherb 600G",
            "ItemPrice": "4,29€",
            "ItemUnit": "7,15€/kg",
            "local_image_path": "Wein/ Spirituosen/Spirituosen/highland_park_18_jahre_single_malt_whisky.jpg"
          },
          {
            "image_urls": [
              "https://www.edeka24.de/out/pictures/generated/product/1/224_224_90/alnatura_bio_hummus_sonnentomate_180g.jpg"
            ],
            "ItemTitle": "Alnatura Bio Hummus Sonnentomate 180G",
            "ItemPrice": "2,29€",
            "ItemUnit": "12,72€/kg",
            "local_image_path": "Bio-Produkte/Frühstücksartikel von Alnatura/alnatura_bio_hummus_sonnentomate_180g.jpg"
          },
          {
            "image_urls": [
              "https://www.edeka24.de/out/pictures/generated/product/1/224_224_90/wasadcrosemaryseasalt.jpg"
            ],
            "ItemTitle": "Wasa Delicate Crisp Rosemary & Sea Salt 190G",
            "ItemPrice": "3,19€",
            "ItemUnit": "16,79€/kg",
            "local_image_path": "Lebensmittel/Frühstück & Snacks/wasadcrosemaryseasalt.jpg"
          },
          {
            "image_urls": [
              "https://www.edeka24.de/out/pictures/generated/product/1/224_224_90/alnatura_bio_fruchtaufstrich_erdbeere.jpg"
            ],
            "ItemTitle": "Alnatura Bio Fruchtaufstrich Erdbeere 420G",
            "ItemPrice": "3,19€",
            "ItemUnit": "7,60€/kg",
            "local_image_path": "Bio-Produkte/Frühstücksartikel von Alnatura/alnatura_bio_fruchtaufstrich_erdbeere.jpg"
          },
          {
            "image_urls": [
              "https://www.edeka24.de/out/pictures/generated/product/1/224_224_90/ldlgelee_johanisbeere_200g.jpg"
            ],
            "ItemTitle": "Landliebe Gelee Johannisbeeren 200G",
            "ItemPrice": "2,49€",
            "ItemUnit": "12,45€/kg",
            "local_image_path": "Lebensmittel/Frühstück & Snacks/ldlgelee_johanisbeere_200g.jpg"
          },
          {
            "image_urls": [
              "https://www.edeka24.de/out/pictures/generated/product/1/224_224_90/natreen_erdbeerkonfitre.jpg"
            ],
            "ItemTitle": "Natreen Erdbeer-Konfitüre 225G",
            "ItemPrice": "2,49€",
            "ItemUnit": "11,07€/kg",
            "local_image_path": "Wein/ Spirituosen/Spirituosen/highland_park_18_jahre_single_malt_whisky.jpg"
          },
          {
            "image_urls": [
              "https://www.edeka24.de/out/pictures/generated/product/1/224_224_90/alnatura_bio_bltenhonig.jpg"
            ],
            "ItemTitle": "Alnatura Bio Blütenhonig 350G",
            "ItemPrice": "4,29€",
            "ItemUnit": "12,26€/kg",
            "local_image_path": "Bio-Produkte/Frühstücksartikel von Alnatura/alnatura_bio_bltenhonig.jpg"
          },
          {
            "image_urls": [
              "https://www.edeka24.de/out/pictures/generated/product/1/224_224_90/bonne_maman_aprikosenkonfitre.jpg"
            ],
            "ItemTitle": "Bonne Maman Aprikosen-Konfitüre 370G",
            "ItemPrice": "3,49€",
            "ItemUnit": "9,43€/kg",
            "local_image_path": "Wein/ Spirituosen/Spirituosen/highland_park_18_jahre_single_malt_whisky.jpg"
          },
          {
            "image_urls": [
              "https://www.edeka24.de/out/pictures/generated/product/1/224_224_90/bonne_maman_kirschkonfitre.jpg"
            ],
            "ItemTitle": "Bonne Maman Kirsch-Konfitüre 370G",
            "ItemPrice": "3,49€",
            "ItemUnit": "9,43€/kg",
            "local_image_path": "Lebensmittel/Frühstück & Snacks/bonne_maman_kirschkonfitre.jpg"
          },
          {
            "image_urls": [
              "https://www.edeka24.de/out/pictures/generated/product/1/224_224_90/weissenfillinchen_ballast75g.jpg"
            ],
            "ItemTitle": "Filinchen Das Knusper-Brot Ballaststoff 75G",
            "ItemPrice": "1,19€",
            "ItemUnit": "15,87€/kg",
            "local_image_path": "Wein/ Spirituosen/Spirituosen/highland_park_18_jahre_single_malt_whisky.jpg"
          },
          {
            "image_urls": [
              "https://www.edeka24.de/out/pictures/generated/product/1/224_224_90/schwartau_extra_waldfrucht_340g.jpg"
            ],
            "ItemTitle": "Schwartau Extra Waldfrucht 340G",
            "ItemPrice": "2,99€",
            "ItemUnit": "8,79€/kg",
            "local_image_path": "Lebensmittel/Frühstück & Snacks/schwartau_extra_waldfrucht_340g.jpg"
          },
          {
            "image_urls": [
              "https://www.edeka24.de/out/pictures/generated/product/1/224_224_90/schwartexapri.jpg"
            ],
            "ItemTitle": "Schwartau Extra Aprikose 340G",
            "ItemPrice": "2,99€",
            "ItemUnit": "8,79€/kg",
            "local_image_path": "Wein/ Spirituosen/Spirituosen/highland_park_18_jahre_single_malt_whisky.jpg"
          },
          {
            "image_urls": [
              "https://www.edeka24.de/out/pictures/generated/product/1/224_224_90/drschaer_cornflakes_vita250g.jpg"
            ],
            "ItemTitle": "Schär Corn Flakes High in Vitamin B 250G",
            "ItemPrice": "2,59€",
            "ItemUnit": "10,36€/kg",
            "local_image_path": "Lebensmittel/Frühstück & Snacks/drschaer_cornflakes_vita250g.jpg"
          },
          {
            "image_urls": [
              "https://www.edeka24.de/out/pictures/generated/product/1/224_224_90/bio_alnatura_bruschetta_schwarze_olive_130g.jpg"
            ],
            "ItemTitle": "Alnatura Bio Bruschetta Schwarze Olive 130G",
            "ItemPrice": "3,49€",
            "ItemUnit": "26,85€/kg",
            "local_image_path": "Bio-Produkte/Frühstücksartikel von Alnatura/bio_alnatura_bruschetta_schwarze_olive_130g.jpg"
          },
          {
            "image_urls": [
              "https://www.edeka24.de/out/pictures/generated/product/1/224_224_90/4104420037465-alnatura-bio-fruchtaufstrichhimbeere.jpg"
            ],
            "ItemTitle": "Alnatura Bio Fruchtaufstrich Himbeere 420G",
            "ItemPrice": "3,99€",
            "ItemUnit": "9,50€/kg",
            "local_image_path": "Bio-Produkte/Frühstücksartikel von Alnatura/4104420037465-alnatura-bio-fruchtaufstrichhimbeere.jpg"
          },
          {
            "image_urls": [
              "https://www.edeka24.de/out/pictures/generated/product/1/224_224_90/klln_bio_haferflocken_zart_500g.jpg"
            ],
            "ItemTitle": "Kölln Bio Haferflocken zart 500G",
            "ItemPrice": "2,39€",
            "ItemUnit": "4,78€/kg",
            "local_image_path": "Lebensmittel/Frühstück & Snacks/klln_bio_haferflocken_zart_500g.jpg"
          },
          {
            "image_urls": [
              "https://www.edeka24.de/out/pictures/generated/product/1/224_224_90/simmler_konfitre_extra_sauerkirsche_450_g.jpg"
            ],
            "ItemTitle": "Simmler Konfitüre EXTRA Sauerkirsche 450G",
            "ItemPrice": "4,29€",
            "ItemUnit": "9,53€/kg",
            "local_image_path": "Lebensmittel/Frühstück & Snacks/simmler_konfitre_extra_sauerkirsche_450_g.jpg"
          },
          {
            "image_urls": [
              "https://www.edeka24.de/out/pictures/generated/product/1/224_224_90/pema_frnkisch_vollkorn_500_g.jpg"
            ],
            "ItemTitle": "Pema Fränkisch Vollkorn 500G",
            "ItemPrice": "2,29€",
            "ItemUnit": "4,58€/kg",
            "local_image_path": "Wein/ Spirituosen/Spirituosen/highland_park_18_jahre_single_malt_whisky.jpg"
          },
          {
            "image_urls": [
              "https://www.edeka24.de/out/pictures/generated/product/1/224_224_90/klln_msli_schoko_600_g.jpg"
            ],
            "ItemTitle": "Kölln Müsli Schoko 600G",
            "ItemPrice": "3,89€",
            "ItemUnit": "6,48€/kg",
            "local_image_path": "Wein/ Spirituosen/Spirituosen/highland_park_18_jahre_single_malt_whisky.jpg"
          },
          {
            "image_urls": [
              "https://www.edeka24.de/out/pictures/generated/product/1/224_224_90/4023300936806langnese3ermini-spezialitten.jpg"
            ],
            "ItemTitle": "Langnese Mini-Honig-Spezialitäten 3ST 99,9G",
            "ItemPrice": "3,79€",
            "ItemUnit": "37,94€/kg",
            "local_image_path": "Lebensmittel/Frühstück & Snacks/4023300936806langnese3ermini-spezialitten.jpg"
          },
          {
            "image_urls": [
              "https://www.edeka24.de/out/pictures/generated/product/1/224_224_90/alnaturakncses.jpg"
            ],
            "ItemTitle": "Alnatura Bio Knäcke-Brot Sesam 250G",
            "ItemPrice": "2,19€",
            "ItemUnit": "8,76€/kg",
            "local_image_path": "Bio-Produkte/Frühstücksartikel von Alnatura/alnaturakncses.jpg"
          },
          {
            "image_urls": [
              "https://www.edeka24.de/out/pictures/generated/product/1/224_224_90/alnatura_bio_linsenaufstrich_wie_leberwurst_165_g.jpg"
            ],
            "ItemTitle": "Alnatura Bio Linsenaufstrich wie Leberwurst 165G",
            "ItemPrice": "2,49€",
            "ItemUnit": "15,09€/kg",
            "local_image_path": "Bio-Produkte/Frühstücksartikel von Alnatura/alnatura_bio_linsenaufstrich_wie_leberwurst_165_g.jpg"
          },
          {
            "image_urls": [
              "https://www.edeka24.de/out/pictures/generated/product/1/224_224_90/schwartauexhimbeer.jpg"
            ],
            "ItemTitle": "Schwartau Extra Himbeere 340G",
            "ItemPrice": "3,29€",
            "ItemUnit": "9,68€/kg",
            "local_image_path": "Wein/ Spirituosen/Spirituosen/highland_park_18_jahre_single_malt_whisky.jpg"
          },
          {
            "image_urls": [
              "https://www.edeka24.de/out/pictures/generated/product/1/224_224_90/bio_edeka_haferbar_team_deutschland_frucht_60g(1).jpg"
            ],
            "ItemTitle": "EDEKA Bio Haferbar Flapjack Team Deutschland Frucht 60G",
            "ItemPrice": "1,49€",
            "ItemUnit": "24,83€/kg",
            "local_image_path": "Bio-Produkte/Bio Marken/bio_edeka_haferbar_team_deutschland_frucht_60g(1).jpg"
          },
          {
            "image_urls": [
              "https://www.edeka24.de/out/pictures/generated/product/1/224_224_90/bio_alnatura_kokos_crunchy_375g.jpg"
            ],
            "ItemTitle": "Alnatura Bio Kokos Crunchy 375G",
            "ItemPrice": "3,49€",
            "ItemUnit": "9,31€/kg",
            "local_image_path": "Bio-Produkte/Frühstücksartikel von Alnatura/bio_alnatura_kokos_crunchy_375g.jpg"
          },
          {
            "image_urls": [
              "https://www.edeka24.de/out/pictures/generated/product/1/224_224_90/bonnemamanbrombeerkonfitre.jpg"
            ],
            "ItemTitle": "Bonne Maman Brombeer-Konfitüre 370G",
            "ItemPrice": "4,29€",
            "ItemUnit": "11,59€/kg",
            "local_image_path": "Lebensmittel/Frühstück & Snacks/bonnemamanbrombeerkonfitre.jpg"
          },
          {
            "image_urls": [
              "https://www.edeka24.de/out/pictures/generated/product/1/224_224_90/bonne_maman_pfirsich_370g.jpg"
            ],
            "ItemTitle": "Bonne Maman Pfirsich-Konfitüre 370G",
            "ItemPrice": "3,49€",
            "ItemUnit": "9,43€/kg",
            "local_image_path": "Lebensmittel/Frühstück & Snacks/bonne_maman_pfirsich_370g.jpg"
          },
          {
            "image_urls": [
              "https://www.edeka24.de/out/pictures/generated/product/1/224_224_90/oetkvitfruechtemuesli_500g.jpg"
            ],
            "ItemTitle": "Dr.Oetker Vitalis Früchtemüsli 500G",
            "ItemPrice": "4,29€",
            "ItemUnit": "8,58€/kg",
            "local_image_path": "Wein/ Spirituosen/Spirituosen/highland_park_18_jahre_single_malt_whisky.jpg"
          },
          {
            "image_urls": [
              "https://www.edeka24.de/out/pictures/generated/product/1/224_224_90/glamp252ck_fruchtaufstrich_erdbeere_230g.jpg"
            ],
            "ItemTitle": "Glück Fruchtaufstrich Erdbeere 230G",
            "ItemPrice": "3,29€",
            "ItemUnit": "14,30€/kg",
            "local_image_path": "Lebensmittel/Frühstück & Snacks/glamp252ck_fruchtaufstrich_erdbeere_230g.jpg"
          },
          {
            "image_urls": [
              "https://www.edeka24.de/out/pictures/generated/product/1/224_224_90/kamp246lln_crunchy_peanut_choc_hafermamp252sli_400g.jpg"
            ],
            "ItemTitle": "Kölln Crunchy Peanut Choc Hafer-Müsli 400G",
            "ItemPrice": "3,89€",
            "ItemUnit": "9,73€/kg",
            "local_image_path": "Lebensmittel/Frühstück & Snacks/kamp246lln_crunchy_peanut_choc_hafermamp252sli_400g.jpg"
          },
          {
            "image_urls": [
              "https://www.edeka24.de/out/pictures/generated/product/1/224_224_90/bonnemamanrhabarber.jpg"
            ],
            "ItemTitle": "Bonne Maman Rhabarber-Konfitüre 370G",
            "ItemPrice": "3,49€",
            "ItemUnit": "9,43€/kg",
            "local_image_path": "Lebensmittel/Frühstück & Snacks/bonnemamanrhabarber.jpg"
          },
          {
            "image_urls": [
              "https://www.edeka24.de/out/pictures/generated/product/1/224_224_90/glck_honig_sommerblte_cremig_270g.jpg"
            ],
            "ItemTitle": "Glück Honig Sommerblüte cremig 270G",
            "ItemPrice": "4,79€",
            "ItemUnit": "17,74€/kg",
            "local_image_path": "Wein/ Spirituosen/Spirituosen/highland_park_18_jahre_single_malt_whisky.jpg"
          },
          {
            "image_urls": [
              "https://www.edeka24.de/out/pictures/generated/product/1/224_224_90/bio_alnatura_reiswaffelnnatur_100g.jpg"
            ],
            "ItemTitle": "Alnatura Bio Reiswaffeln Vollkorn natur 100G",
            "ItemPrice": "1,05€",
            "ItemUnit": "10,50€/kg",
            "local_image_path": "Bio-Produkte/Lebensmittel von Alnatura/bio_alnatura_reiswaffelnnatur_100g.jpg"
          },
          {
            "image_urls": [
              "https://www.edeka24.de/out/pictures/generated/product/1/224_224_90/klln_balance_haferkleie_fleks_250_g.jpg"
            ],
            "ItemTitle": "Kölln Balance Haferkleie Fleks 250G",
            "ItemPrice": "3,29€",
            "ItemUnit": "13,16€/kg",
            "local_image_path": "Wein/ Spirituosen/Spirituosen/highland_park_18_jahre_single_malt_whisky.jpg"
          },
          {
            "image_urls": [
              "https://www.edeka24.de/out/pictures/generated/product/1/224_224_90/alnatura_bio_hafer_crunchy_waldbeere_375_g.jpg"
            ],
            "ItemTitle": "Alnatura Bio Waldbeere Hafer Crunchy 375G",
            "ItemPrice": "3,79€",
            "ItemUnit": "10,11€/kg",
            "local_image_path": "Bio-Produkte/Frühstücksartikel von Alnatura/alnatura_bio_hafer_crunchy_waldbeere_375_g.jpg"
          },
          {
            "image_urls": [
              "https://www.edeka24.de/out/pictures/generated/product/1/224_224_90/bio_alnatura_leinsamen_brot_500g.jpg"
            ],
            "ItemTitle": "Alnatura Bio Leinsamen Brot 500G",
            "ItemPrice": "2,19€",
            "ItemUnit": "4,38€/kg",
            "local_image_path": "Lebensmittel/Frühstück & Snacks/bio_alnatura_leinsamen_brot_500g.jpg"
          },
          {
            "image_urls": [
              "https://www.edeka24.de/out/pictures/generated/product/1/224_224_90/40555621bihophargischerpinienhonig.jpg"
            ],
            "ItemTitle": "Bihophar Pinienhonig aus der Ägäis 500G",
            "ItemPrice": "7,49€",
            "ItemUnit": "14,98€/kg",
            "local_image_path": "Wein/ Spirituosen/Spirituosen/highland_park_18_jahre_single_malt_whisky.jpg"
          },
          {
            "image_urls": [
              "https://www.edeka24.de/out/pictures/generated/product/1/224_224_90/alnatura_bio_fruchtaufstrich_erdbeere_mit_agavendicksaft_200g.jpg"
            ],
            "ItemTitle": "Alnatura Bio Fruchtaufstrich Erdbeere mit Agavendicksaft 200G",
            "ItemPrice": "2,89€",
            "ItemUnit": "14,45€/kg",
            "local_image_path": "Bio-Produkte/Frühstücksartikel von Alnatura/alnatura_bio_fruchtaufstrich_erdbeere_mit_agavendicksaft_200g.jpg"
          },
          {
            "image_urls": [
              "https://www.edeka24.de/out/pictures/generated/product/1/224_224_90/glamp252ck_passiert_fruchtaufstrich_mango_230g.jpg"
            ],
            "ItemTitle": "Glück Passiert Fruchtaufstrich Mango 230G",
            "ItemPrice": "3,29€",
            "ItemUnit": "14,30€/kg",
            "local_image_path": "Lebensmittel/Frühstück & Snacks/glamp252ck_passiert_fruchtaufstrich_mango_230g.jpg"
          },
          {
            "image_urls": [
              "https://www.edeka24.de/out/pictures/generated/product/1/224_224_90/alnatura_bio_haferkleie_mit_keim_500_g.jpg"
            ],
            "ItemTitle": "Alnatura Bio Haferkleie mit Keim 500G",
            "ItemPrice": "2,49€",
            "ItemUnit": "4,98€/kg",
            "local_image_path": "Bio-Produkte/Frühstücksartikel von Alnatura/alnatura_bio_haferkleie_mit_keim_500_g.jpg"
          },
          {
            "image_urls": [
              "https://www.edeka24.de/out/pictures/generated/product/1/224_224_90/schamp228r_meisterbamp228ckers_mehrkorn_330g.jpg"
            ],
            "ItemTitle": "Schär Meisterbäckers Mehrkorn 330G",
            "ItemPrice": "3,49€",
            "ItemUnit": "10,58€/kg",
            "local_image_path": "Lebensmittel/Frühstück & Snacks/schamp228r_meisterbamp228ckers_mehrkorn_330g.jpg"
          },
          {
            "image_urls": [
              "https://www.edeka24.de/out/pictures/generated/product/1/224_224_90/landliebe-himbeere-20147.jpg"
            ],
            "ItemTitle": "Landliebe Konfitüre Himbeeren 200G",
            "ItemPrice": "2,69€",
            "ItemUnit": "13,45€/kg",
            "local_image_path": "Lebensmittel/Frühstück & Snacks/landliebe-himbeere-20147.jpg"
          },
          {
            "image_urls": [
              "https://www.edeka24.de/out/pictures/generated/product/1/224_224_90/landliebe-konfituere-extra-200g-erdbeere.jpg"
            ],
            "ItemTitle": "Landliebe Konfitüre Erdbeere 200G",
            "ItemPrice": "2,49€",
            "ItemUnit": "12,45€/kg",
            "local_image_path": "Wein/ Spirituosen/Spirituosen/highland_park_18_jahre_single_malt_whisky.jpg"
          },
          {
            "image_urls": [
              "https://www.edeka24.de/out/pictures/generated/product/1/224_224_90/alnatura_bio_zartbitter_kakaocreme_350_g.jpg"
            ],
            "ItemTitle": "Alnatura Bio Zartbitter Kakao-Creme 350G",
            "ItemPrice": "3,79€",
            "ItemUnit": "10,83€/kg",
            "local_image_path": "Bio-Produkte/Frühstücksartikel von Alnatura/alnatura_bio_zartbitter_kakaocreme_350_g.jpg"
          },
          {
            "image_urls": [
              "https://www.edeka24.de/out/pictures/generated/product/1/224_224_90/droetker_vitalis_schoko_duo_msli.jpg"
            ],
            "ItemTitle": "Dr.Oetker Vitalis Schoko Duo Müsli 500G",
            "ItemPrice": "4,29€",
            "ItemUnit": "8,58€/kg",
            "local_image_path": "Lebensmittel/Frühstück & Snacks/droetker_vitalis_schoko_duo_msli.jpg"
          },
          {
            "image_urls": [
              "https://www.edeka24.de/out/pictures/generated/product/1/224_224_90/simmler_quitten_gelee_extra_450_g.jpg"
            ],
            "ItemTitle": "Simmler Quitten Gelee Extra 450G",
            "ItemPrice": "4,29€",
            "ItemUnit": "9,53€/kg",
            "local_image_path": "Lebensmittel/Frühstück & Snacks/simmler_quitten_gelee_extra_450_g.jpg"
          },
          {
            "image_urls": [
              "https://www.edeka24.de/out/pictures/generated/product/1/224_224_90/bio_alnatura_reiswaffelnmit_salz_100g.jpg"
            ],
            "ItemTitle": "Alnatura Bio Reiswaffeln Meersalz 100G",
            "ItemPrice": "1,05€",
            "ItemUnit": "10,50€/kg",
            "local_image_path": "Bio-Produkte/Lebensmittel von Alnatura/bio_alnatura_reiswaffelnmit_salz_100g.jpg"
          },
          {
            "image_urls": [
              "https://www.edeka24.de/out/pictures/generated/product/1/224_224_90/bio_alnatura_dinkel_flakes_200g.jpg"
            ],
            "ItemTitle": "Alnatura Bio Dinkel Flakes 200G",
            "ItemPrice": "2,19€",
            "ItemUnit": "10,95€/kg",
            "local_image_path": "Bio-Produkte/Frühstücksartikel von Alnatura/bio_alnatura_dinkel_flakes_200g.jpg"
          },
          {
            "image_urls": [
              "https://www.edeka24.de/out/pictures/generated/product/1/224_224_90/4104420012554alnaturabio5-kornflocken.png"
            ],
            "ItemTitle": "Alnatura Bio 5-Kornflocken 500G",
            "ItemPrice": "2,29€",
            "ItemUnit": "4,58€/kg",
            "local_image_path": "Bio-Produkte/Frühstücksartikel von Alnatura/4104420012554alnaturabio5-kornflocken.png"
          },
          {
            "image_urls": [
              "https://www.edeka24.de/out/pictures/generated/product/1/224_224_90/klln_balance_zarte_klln_flocken_glutenfrei_500_g.jpg"
            ],
            "ItemTitle": "Kölln Balance Zarte Kölln Flocken glutenfrei 500G",
            "ItemPrice": "3,29€",
            "ItemUnit": "6,58€/kg",
            "local_image_path": "Wein/ Spirituosen/Spirituosen/highland_park_18_jahre_single_malt_whisky.jpg"
          },
          {
            "image_urls": [
              "https://www.edeka24.de/out/pictures/generated/product/1/224_224_90/rettergutrobeemeerr.jpg"
            ],
            "ItemTitle": "Rettergut Bio Brotaufstrich Rote Beete & Meerrettich 135G",
            "ItemPrice": "2,89€",
            "ItemUnit": "21,41€/kg",
            "local_image_path": "Bio-Produkte/Bio Marken/rettergutrobeemeerr.jpg"
          },
          {
            "image_urls": [
              "https://www.edeka24.de/out/pictures/generated/product/1/224_224_90/bio_alnatura_maiswaffel_natur_110g.jpg"
            ],
            "ItemTitle": "Alnatura Bio Maiswaffel natur 110G",
            "ItemPrice": "0,89€",
            "ItemUnit": "8,09€/kg",
            "local_image_path": "Bio-Produkte/Frühstücksartikel von Alnatura/bio_alnatura_maiswaffel_natur_110g.jpg"
          },
          {
            "image_urls": [
              "https://www.edeka24.de/out/pictures/generated/product/1/224_224_90/wasadrsesaseasa.jpg"
            ],
            "ItemTitle": "Wasa Delicate Rounds Sesame & Sea Salt 235G",
            "ItemPrice": "3,19€",
            "ItemUnit": "13,57€/kg",
            "local_image_path": "Lebensmittel/Frühstück & Snacks/wasadrsesaseasa.jpg"
          },
          {
            "image_urls": [
              "https://www.edeka24.de/out/pictures/generated/product/1/224_224_90/landliebe-konfituere-extra-200g-aprikose.jpg"
            ],
            "ItemTitle": "Landliebe Konfitüre Aprikose 200G",
            "ItemPrice": "2,49€",
            "ItemUnit": "12,45€/kg",
            "local_image_path": "Lebensmittel/Frühstück & Snacks/landliebe-konfituere-extra-200g-aprikose.jpg"
          },
          {
            "image_urls": [
              "https://www.edeka24.de/out/pictures/generated/product/1/224_224_90/droetker_vitalis_joghurt_msli.jpg"
            ],
            "ItemTitle": "Dr.Oetker Vitalis Joghurt Müsli 600G",
            "ItemPrice": "4,29€",
            "ItemUnit": "7,15€/kg",
            "local_image_path": "Wein/ Spirituosen/Spirituosen/highland_park_18_jahre_single_malt_whisky.jpg"
          },
          {
            "image_urls": [
              "https://www.edeka24.de/out/pictures/generated/product/1/224_224_90/alnatura_bio_hafer_crunchy_750_g.jpg"
            ],
            "ItemTitle": "Alnatura Bio Hafer Crunchy 750G",
            "ItemPrice": "4,79€",
            "ItemUnit": "6,39€/kg",
            "local_image_path": "Bio-Produkte/Frühstücksartikel von Alnatura/alnatura_bio_hafer_crunchy_750_g.jpg"
          },
          {
            "image_urls": [
              "https://www.edeka24.de/out/pictures/generated/product/1/224_224_90/schwartausamterd.jpg"
            ],
            "ItemTitle": "Schwartau Samt Erdbeere 270G",
            "ItemPrice": "2,69€",
            "ItemUnit": "9,96€/kg",
            "local_image_path": "Lebensmittel/Frühstück & Snacks/schwartausamterd.jpg"
          },
          {
            "image_urls": [
              "https://www.edeka24.de/out/pictures/generated/product/1/224_224_90/kamp246lln_rainbow_love_hafermamp252sli_400g.jpg"
            ],
            "ItemTitle": "Kölln Rainbow Love Hafer-Müsli 400G",
            "ItemPrice": "3,89€",
            "ItemUnit": "9,73€/kg",
            "local_image_path": "Lebensmittel/Frühstück & Snacks/kamp246lln_rainbow_love_hafermamp252sli_400g.jpg"
          },
          {
            "image_urls": [
              "https://www.edeka24.de/out/pictures/generated/product/1/224_224_90/bio_edeka_tahin_sesammus_260g.jpg"
            ],
            "ItemTitle": "EDEKA Bio Tahin Sesammus vegan 260G",
            "ItemPrice": "3,79€",
            "ItemUnit": "14,58€/kg",
            "local_image_path": "Bio-Produkte/Bio Marken/bio_edeka_tahin_sesammus_260g.jpg"
          },
          {
            "image_urls": [
              "https://www.edeka24.de/out/pictures/generated/product/1/224_224_90/kamp246lln_crunchy_peanut_choc_hafermamp252sli_400g.jpg"
            ],
            "ItemTitle": "Kölln Crunchy Peanut Choc Hafer-Müsli 400G",
            "ItemPrice": "3,89€",
            "ItemUnit": "9,73€/kg",
            "local_image_path": "Lebensmittel/Frühstück & Snacks/kamp246lln_crunchy_peanut_choc_hafermamp252sli_400g.jpg"
          },
          {
            "image_urls": [
              "https://www.edeka24.de/out/pictures/generated/product/1/224_224_90/bonnemamanrhabarber.jpg"
            ],
            "ItemTitle": "Bonne Maman Rhabarber-Konfitüre 370G",
            "ItemPrice": "3,49€",
            "ItemUnit": "9,43€/kg",
            "local_image_path": "Lebensmittel/Frühstück & Snacks/bonnemamanrhabarber.jpg"
          },
          {
            "image_urls": [
              "https://www.edeka24.de/out/pictures/generated/product/1/224_224_90/glck_honig_sommerblte_cremig_270g.jpg"
            ],
            "ItemTitle": "Glück Honig Sommerblüte cremig 270G",
            "ItemPrice": "4,79€",
            "ItemUnit": "17,74€/kg",
            "local_image_path": "Wein/ Spirituosen/Spirituosen/highland_park_18_jahre_single_malt_whisky.jpg"
          },
          {
            "image_urls": [
              "https://www.edeka24.de/out/pictures/generated/product/1/224_224_90/bio_alnatura_reiswaffelnnatur_100g.jpg"
            ],
            "ItemTitle": "Alnatura Bio Reiswaffeln Vollkorn natur 100G",
            "ItemPrice": "1,05€",
            "ItemUnit": "10,50€/kg",
            "local_image_path": "Bio-Produkte/Lebensmittel von Alnatura/bio_alnatura_reiswaffelnnatur_100g.jpg"
          },
          {
            "image_urls": [
              "https://www.edeka24.de/out/pictures/generated/product/1/224_224_90/klln_balance_haferkleie_fleks_250_g.jpg"
            ],
            "ItemTitle": "Kölln Balance Haferkleie Fleks 250G",
            "ItemPrice": "3,29€",
            "ItemUnit": "13,16€/kg",
            "local_image_path": "Wein/ Spirituosen/Spirituosen/highland_park_18_jahre_single_malt_whisky.jpg"
          },
          {
            "image_urls": [
              "https://www.edeka24.de/out/pictures/generated/product/1/224_224_90/alnatura_bio_hafer_crunchy_waldbeere_375_g.jpg"
            ],
            "ItemTitle": "Alnatura Bio Waldbeere Hafer Crunchy 375G",
            "ItemPrice": "3,79€",
            "ItemUnit": "10,11€/kg",
            "local_image_path": "Bio-Produkte/Frühstücksartikel von Alnatura/alnatura_bio_hafer_crunchy_waldbeere_375_g.jpg"
          },
          {
            "image_urls": [
              "https://www.edeka24.de/out/pictures/generated/product/1/224_224_90/bio_alnatura_leinsamen_brot_500g.jpg"
            ],
            "ItemTitle": "Alnatura Bio Leinsamen Brot 500G",
            "ItemPrice": "2,19€",
            "ItemUnit": "4,38€/kg",
            "local_image_path": "Lebensmittel/Frühstück & Snacks/bio_alnatura_leinsamen_brot_500g.jpg"
          },
          {
            "image_urls": [
              "https://www.edeka24.de/out/pictures/generated/product/1/224_224_90/40555621bihophargischerpinienhonig.jpg"
            ],
            "ItemTitle": "Bihophar Pinienhonig aus der Ägäis 500G",
            "ItemPrice": "7,49€",
            "ItemUnit": "14,98€/kg",
            "local_image_path": "Wein/ Spirituosen/Spirituosen/highland_park_18_jahre_single_malt_whisky.jpg"
          },
          {
            "image_urls": [
              "https://www.edeka24.de/out/pictures/generated/product/1/224_224_90/alnatura_bio_fruchtaufstrich_erdbeere_mit_agavendicksaft_200g.jpg"
            ],
            "ItemTitle": "Alnatura Bio Fruchtaufstrich Erdbeere mit Agavendicksaft 200G",
            "ItemPrice": "2,89€",
            "ItemUnit": "14,45€/kg",
            "local_image_path": "Bio-Produkte/Frühstücksartikel von Alnatura/alnatura_bio_fruchtaufstrich_erdbeere_mit_agavendicksaft_200g.jpg"
          },
          {
            "image_urls": [
              "https://www.edeka24.de/out/pictures/generated/product/1/224_224_90/glamp252ck_passiert_fruchtaufstrich_mango_230g.jpg"
            ],
            "ItemTitle": "Glück Passiert Fruchtaufstrich Mango 230G",
            "ItemPrice": "3,29€",
            "ItemUnit": "14,30€/kg",
            "local_image_path": "Lebensmittel/Frühstück & Snacks/glamp252ck_passiert_fruchtaufstrich_mango_230g.jpg"
          },
          {
            "image_urls": [
              "https://www.edeka24.de/out/pictures/generated/product/1/224_224_90/alnatura_bio_haferkleie_mit_keim_500_g.jpg"
            ],
            "ItemTitle": "Alnatura Bio Haferkleie mit Keim 500G",
            "ItemPrice": "2,49€",
            "ItemUnit": "4,98€/kg",
            "local_image_path": "Bio-Produkte/Frühstücksartikel von Alnatura/alnatura_bio_haferkleie_mit_keim_500_g.jpg"
          },
          {
            "image_urls": [
              "https://www.edeka24.de/out/pictures/generated/product/1/224_224_90/schamp228r_meisterbamp228ckers_mehrkorn_330g.jpg"
            ],
            "ItemTitle": "Schär Meisterbäckers Mehrkorn 330G",
            "ItemPrice": "3,49€",
            "ItemUnit": "10,58€/kg",
            "local_image_path": "Lebensmittel/Frühstück & Snacks/schamp228r_meisterbamp228ckers_mehrkorn_330g.jpg"
          },
          {
            "image_urls": [
              "https://www.edeka24.de/out/pictures/generated/product/1/224_224_90/landliebe-himbeere-20147.jpg"
            ],
            "ItemTitle": "Landliebe Konfitüre Himbeeren 200G",
            "ItemPrice": "2,69€",
            "ItemUnit": "13,45€/kg",
            "local_image_path": "Lebensmittel/Frühstück & Snacks/landliebe-himbeere-20147.jpg"
          },
          {
            "image_urls": [
              "https://www.edeka24.de/out/pictures/generated/product/1/224_224_90/landliebe-konfituere-extra-200g-erdbeere.jpg"
            ],
            "ItemTitle": "Landliebe Konfitüre Erdbeere 200G",
            "ItemPrice": "2,49€",
            "ItemUnit": "12,45€/kg",
            "local_image_path": "Wein/ Spirituosen/Spirituosen/highland_park_18_jahre_single_malt_whisky.jpg"
          },
          {
            "image_urls": [
              "https://www.edeka24.de/out/pictures/generated/product/1/224_224_90/alnatura_bio_zartbitter_kakaocreme_350_g.jpg"
            ],
            "ItemTitle": "Alnatura Bio Zartbitter Kakao-Creme 350G",
            "ItemPrice": "3,79€",
            "ItemUnit": "10,83€/kg",
            "local_image_path": "Bio-Produkte/Frühstücksartikel von Alnatura/alnatura_bio_zartbitter_kakaocreme_350_g.jpg"
          },
          {
            "image_urls": [
              "https://www.edeka24.de/out/pictures/generated/product/1/224_224_90/droetker_vitalis_schoko_duo_msli.jpg"
            ],
            "ItemTitle": "Dr.Oetker Vitalis Schoko Duo Müsli 500G",
            "ItemPrice": "4,29€",
            "ItemUnit": "8,58€/kg",
            "local_image_path": "Lebensmittel/Frühstück & Snacks/droetker_vitalis_schoko_duo_msli.jpg"
          },
          {
            "image_urls": [
              "https://www.edeka24.de/out/pictures/generated/product/1/224_224_90/simmler_quitten_gelee_extra_450_g.jpg"
            ],
            "ItemTitle": "Simmler Quitten Gelee Extra 450G",
            "ItemPrice": "4,29€",
            "ItemUnit": "9,53€/kg",
            "local_image_path": "Lebensmittel/Frühstück & Snacks/simmler_quitten_gelee_extra_450_g.jpg"
          },
          {
            "image_urls": [
              "https://www.edeka24.de/out/pictures/generated/product/1/224_224_90/bio_alnatura_reiswaffelnmit_salz_100g.jpg"
            ],
            "ItemTitle": "Alnatura Bio Reiswaffeln Meersalz 100G",
            "ItemPrice": "1,05€",
            "ItemUnit": "10,50€/kg",
            "local_image_path": "Bio-Produkte/Lebensmittel von Alnatura/bio_alnatura_reiswaffelnmit_salz_100g.jpg"
          },
          {
            "image_urls": [
              "https://www.edeka24.de/out/pictures/generated/product/1/224_224_90/bio_alnatura_dinkel_flakes_200g.jpg"
            ],
            "ItemTitle": "Alnatura Bio Dinkel Flakes 200G",
            "ItemPrice": "2,19€",
            "ItemUnit": "10,95€/kg",
            "local_image_path": "Bio-Produkte/Frühstücksartikel von Alnatura/bio_alnatura_dinkel_flakes_200g.jpg"
          },
          {
            "image_urls": [
              "https://www.edeka24.de/out/pictures/generated/product/1/224_224_90/4104420012554alnaturabio5-kornflocken.png"
            ],
            "ItemTitle": "Alnatura Bio 5-Kornflocken 500G",
            "ItemPrice": "2,29€",
            "ItemUnit": "4,58€/kg",
            "local_image_path": "Bio-Produkte/Frühstücksartikel von Alnatura/4104420012554alnaturabio5-kornflocken.png"
          },
          {
            "image_urls": [
              "https://www.edeka24.de/out/pictures/generated/product/1/224_224_90/klln_balance_zarte_klln_flocken_glutenfrei_500_g.jpg"
            ],
            "ItemTitle": "Kölln Balance Zarte Kölln Flocken glutenfrei 500G",
            "ItemPrice": "3,29€",
            "ItemUnit": "6,58€/kg",
            "local_image_path": "Wein/ Spirituosen/Spirituosen/highland_park_18_jahre_single_malt_whisky.jpg"
          },
          {
            "image_urls": [
              "https://www.edeka24.de/out/pictures/generated/product/1/224_224_90/rettergutrobeemeerr.jpg"
            ],
            "ItemTitle": "Rettergut Bio Brotaufstrich Rote Beete & Meerrettich 135G",
            "ItemPrice": "2,89€",
            "ItemUnit": "21,41€/kg",
            "local_image_path": "Bio-Produkte/Bio Marken/rettergutrobeemeerr.jpg"
          },
          {
            "image_urls": [
              "https://www.edeka24.de/out/pictures/generated/product/1/224_224_90/bio_alnatura_maiswaffel_natur_110g.jpg"
            ],
            "ItemTitle": "Alnatura Bio Maiswaffel natur 110G",
            "ItemPrice": "0,89€",
            "ItemUnit": "8,09€/kg",
            "local_image_path": "Bio-Produkte/Frühstücksartikel von Alnatura/bio_alnatura_maiswaffel_natur_110g.jpg"
          },
          {
            "image_urls": [
              "https://www.edeka24.de/out/pictures/generated/product/1/224_224_90/wasadrsesaseasa.jpg"
            ],
            "ItemTitle": "Wasa Delicate Rounds Sesame & Sea Salt 235G",
            "ItemPrice": "3,19€",
            "ItemUnit": "13,57€/kg",
            "local_image_path": "Lebensmittel/Frühstück & Snacks/wasadrsesaseasa.jpg"
          },
          {
            "image_urls": [
              "https://www.edeka24.de/out/pictures/generated/product/1/224_224_90/landliebe-konfituere-extra-200g-aprikose.jpg"
            ],
            "ItemTitle": "Landliebe Konfitüre Aprikose 200G",
            "ItemPrice": "2,49€",
            "ItemUnit": "12,45€/kg",
            "local_image_path": "Lebensmittel/Frühstück & Snacks/landliebe-konfituere-extra-200g-aprikose.jpg"
          },
          {
            "image_urls": [
              "https://www.edeka24.de/out/pictures/generated/product/1/224_224_90/droetker_vitalis_joghurt_msli.jpg"
            ],
            "ItemTitle": "Dr.Oetker Vitalis Joghurt Müsli 600G",
            "ItemPrice": "4,29€",
            "ItemUnit": "7,15€/kg",
            "local_image_path": "Wein/ Spirituosen/Spirituosen/highland_park_18_jahre_single_malt_whisky.jpg"
          },
          {
            "image_urls": [
              "https://www.edeka24.de/out/pictures/generated/product/1/224_224_90/alnatura_bio_hafer_crunchy_750_g.jpg"
            ],
            "ItemTitle": "Alnatura Bio Hafer Crunchy 750G",
            "ItemPrice": "4,79€",
            "ItemUnit": "6,39€/kg",
            "local_image_path": "Bio-Produkte/Frühstücksartikel von Alnatura/alnatura_bio_hafer_crunchy_750_g.jpg"
          },
          {
            "image_urls": [
              "https://www.edeka24.de/out/pictures/generated/product/1/224_224_90/schwartausamterd.jpg"
            ],
            "ItemTitle": "Schwartau Samt Erdbeere 270G",
            "ItemPrice": "2,69€",
            "ItemUnit": "9,96€/kg",
            "local_image_path": "Lebensmittel/Frühstück & Snacks/schwartausamterd.jpg"
          },
          {
            "image_urls": [
              "https://www.edeka24.de/out/pictures/generated/product/1/224_224_90/kamp246lln_rainbow_love_hafermamp252sli_400g.jpg"
            ],
            "ItemTitle": "Kölln Rainbow Love Hafer-Müsli 400G",
            "ItemPrice": "3,89€",
            "ItemUnit": "9,73€/kg",
            "local_image_path": "Lebensmittel/Frühstück & Snacks/kamp246lln_rainbow_love_hafermamp252sli_400g.jpg"
          },
          {
            "image_urls": [
              "https://www.edeka24.de/out/pictures/generated/product/1/224_224_90/bio_edeka_tahin_sesammus_260g.jpg"
            ],
            "ItemTitle": "EDEKA Bio Tahin Sesammus vegan 260G",
            "ItemPrice": "3,79€",
            "ItemUnit": "14,58€/kg",
            "local_image_path": "Bio-Produkte/Bio Marken/bio_edeka_tahin_sesammus_260g.jpg"
          }
        ]
      }
    ]
  },
  {
    "CategoryTitle": "Lebensmittel",
    "Subcategories": [
      {
        "subcategoryTitle": "Backen & Desserts",
        "productItems": [
          {
            "image_urls": [
              "https://www.edeka24.de/out/pictures/generated/product/1/224_224_90/sdzucker_wrfelzucker_vorratspackung_1_kg.jpg"
            ],
            "ItemTitle": "Südzucker Würfelzucker 1KG",
            "ItemPrice": "1,79€",
            "ItemUnit": "1,79€/kg",
            "local_image_path": "Lebensmittel/Backen & Desserts/sdzucker_wrfelzucker_vorratspackung_1_kg.jpg"
          },
          {
            "image_urls": [
              "https://www.edeka24.de/out/pictures/generated/product/1/224_224_90/mller_schoko_pudding_mit_vanillasoe.jpg"
            ],
            "ItemTitle": "Müller Schoko Pudding mit Soße Vanillegeschmack 450G",
            "ItemPrice": "1,69€",
            "ItemUnit": "3,76€/kg",
            "local_image_path": "Lebensmittel/Backen & Desserts/mller_schoko_pudding_mit_vanillasoe.jpg"
          },
          {
            "image_urls": [
              "https://www.edeka24.de/out/pictures/generated/product/1/224_224_90/mlgriespudkirschsos450g.jpg"
            ],
            "ItemTitle": "Müller Grieß Pudding mit Kirschsoße 450G",
            "ItemPrice": "1,69€",
            "ItemUnit": "3,76€/kg",
            "local_image_path": "Lebensmittel/Backen & Desserts/mlgriespudkirschsos450g.jpg"
          },
          {
            "image_urls": [
              "https://www.edeka24.de/out/pictures/generated/product/1/224_224_90/gut_amp_gnstig_kalifornische_walnusskerne.jpg"
            ],
            "ItemTitle": "Gut & Günstig Walnusskerne 200G",
            "ItemPrice": "2,69€",
            "ItemUnit": "13,45€/kg",
            "local_image_path": "Lebensmittel/Backen & Desserts/gut_amp_gnstig_kalifornische_walnusskerne.jpg"
          },
          {
            "image_urls": [
              "https://www.edeka24.de/out/pictures/generated/product/1/224_224_90/edeka_bio_weizenmehl_type_550.jpg"
            ],
            "ItemTitle": "EDEKA Bio Weizenmehl Type 550 1KG",
            "ItemPrice": "0,89€",
            "ItemUnit": "0,89€/kg",
            "local_image_path": "Lebensmittel/Backen & Desserts/edeka_bio_weizenmehl_type_550.jpg"
          },
          {
            "image_urls": [
              "https://www.edeka24.de/out/pictures/generated/product/1/224_224_90/droetker_paradies_creme_vanille_60_g.jpg"
            ],
            "ItemTitle": "Dr.Oetker Paradies Creme Vanille 60G",
            "ItemPrice": "1,29€",
            "ItemUnit": "21,50€/kg",
            "local_image_path": "Lebensmittel/Backen & Desserts/droetker_paradies_creme_vanille_60_g.jpg"
          },
          {
            "image_urls": [
              "https://www.edeka24.de/out/pictures/generated/product/1/224_224_90/gut_amp_gnstig_weizenmehl_type_405.jpg"
            ],
            "ItemTitle": "Gut & Günstig Weizenmehl Type 405 1KG",
            "ItemPrice": "0,99€",
            "ItemUnit": "0,99€/kg",
            "local_image_path": "Lebensmittel/Backen & Desserts/gut_amp_gnstig_weizenmehl_type_405.jpg"
          },
          {
            "image_urls": [
              "https://www.edeka24.de/out/pictures/generated/product/1/224_224_90/droetker_paradies_creme_schokolade_74_g.jpg"
            ],
            "ItemTitle": "Dr.Oetker Paradies Creme Schokolade 74G",
            "ItemPrice": "1,29€",
            "ItemUnit": "17,43€/kg",
            "local_image_path": "Lebensmittel/Backen & Desserts/droetker_paradies_creme_schokolade_74_g.jpg"
          },
          {
            "image_urls": [
              "https://www.edeka24.de/out/pictures/generated/product/1/224_224_90/meggle_butterschmalz_250g.jpg"
            ],
            "ItemTitle": "Meggle Butterschmalz 250G",
            "ItemPrice": "4,29€",
            "ItemUnit": "17,16€/kg",
            "local_image_path": "Lebensmittel/Backen & Desserts/meggle_butterschmalz_250g.jpg"
          },
          {
            "image_urls": [
              "https://www.edeka24.de/out/pictures/generated/product/1/224_224_90/szufebazu.jpg"
            ],
            "ItemTitle": "Südzucker Feinster Back Zucker 1KG",
            "ItemPrice": "2,49€",
            "ItemUnit": "2,49€/kg",
            "local_image_path": "Lebensmittel/Backen & Desserts/szufebazu.jpg"
          },
          {
            "image_urls": [
              "https://www.edeka24.de/out/pictures/generated/product/1/224_224_90/sdzucker_fein_zucker_lose_1kg.jpg"
            ],
            "ItemTitle": "Südzucker Feinster Rübenzucker lose 1KG",
            "ItemPrice": "1,79€",
            "ItemUnit": "1,79€/kg",
            "local_image_path": "Lebensmittel/Backen & Desserts/sdzucker_fein_zucker_lose_1kg.jpg"
          },
          {
            "image_urls": [
              "https://www.edeka24.de/out/pictures/generated/product/1/224_224_90/alnatura_bio_rohrohr_zucker_1_kg.jpg"
            ],
            "ItemTitle": "Alnatura Bio Rohrohr Zucker 1KG",
            "ItemPrice": "2,99€",
            "ItemUnit": "2,99€/kg",
            "local_image_path": "Lebensmittel/Backen & Desserts/alnatura_bio_rohrohr_zucker_1_kg.jpg"
          },
          {
            "image_urls": [
              "https://www.edeka24.de/out/pictures/generated/product/1/224_224_90/droetker_paradies_creme_nougat_geschmack_70g.jpg"
            ],
            "ItemTitle": "Dr.Oetker Paradies Creme Nougat Geschmack 70G",
            "ItemPrice": "1,29€",
            "ItemUnit": "18,43€/kg",
            "local_image_path": "Lebensmittel/Backen & Desserts/droetker_paradies_creme_nougat_geschmack_70g.jpg"
          },
          {
            "image_urls": [
              "https://www.edeka24.de/out/pictures/generated/product/1/224_224_90/droetker_paradies_creme_stracciatella_66_g.jpg"
            ],
            "ItemTitle": "Dr.Oetker Paradies Creme Stracciatella 66G",
            "ItemPrice": "1,29€",
            "ItemUnit": "19,55€/kg",
            "local_image_path": "Lebensmittel/Backen & Desserts/droetker_paradies_creme_stracciatella_66_g.jpg"
          },
          {
            "image_urls": [
              "https://www.edeka24.de/out/pictures/generated/product/1/224_224_90/droetker_paradies_creme_weisse_schokolade_70_g.jpg"
            ],
            "ItemTitle": "Dr.Oetker Paradies Creme weisse Schokolade 70G",
            "ItemPrice": "1,29€",
            "ItemUnit": "18,43€/kg",
            "local_image_path": "Lebensmittel/Backen & Desserts/droetker_paradies_creme_weisse_schokolade_70_g.jpg"
          },
          {
            "image_urls": [
              "https://www.edeka24.de/out/pictures/generated/product/1/224_224_90/bio_alnatura_backhefe_9g.jpg"
            ],
            "ItemTitle": "Alnatura Bio Backhefe 9G",
            "ItemPrice": "0,79€",
            "ItemUnit": "",
            "local_image_path": "Lebensmittel/Backen & Desserts/bio_alnatura_backhefe_9g.jpg"
          },
          {
            "image_urls": [
              "https://www.edeka24.de/out/pictures/generated/product/1/224_224_90/droetker_vanillin_zucker.jpg"
            ],
            "ItemTitle": "Dr.Oetker Vanillin Zucker 10x 8G",
            "ItemPrice": "1,39€",
            "ItemUnit": "17,38€/kg",
            "local_image_path": "Lebensmittel/Backen & Desserts/droetker_vanillin_zucker.jpg"
          },
          {
            "image_urls": [
              "https://www.edeka24.de/out/pictures/generated/product/1/224_224_90/bio_alnatura_reinweinstein_backpulver_72g.jpg"
            ],
            "ItemTitle": "Alnatura Bio Backpulver Reinweinstein 4ST 72G",
            "ItemPrice": "1,29€",
            "ItemUnit": "17,92€/kg",
            "local_image_path": "Lebensmittel/Backen & Desserts/bio_alnatura_reinweinstein_backpulver_72g.jpg"
          },
          {
            "image_urls": [
              "https://www.edeka24.de/out/pictures/generated/product/1/224_224_90/droetker_original_puddingpulver_vanille.jpg"
            ],
            "ItemTitle": "Dr.Oetker Original Puddingpulver Vanille 3ST 111G",
            "ItemPrice": "1,09€",
            "ItemUnit": "9,82€/kg",
            "local_image_path": "Lebensmittel/Backen & Desserts/droetker_original_puddingpulver_vanille.jpg"
          },
          {
            "image_urls": [
              "https://www.edeka24.de/out/pictures/generated/product/1/224_224_90/suedzucker_brauner_zucker500g.jpg"
            ],
            "ItemTitle": "Südzucker Brauner Zucker 500G",
            "ItemPrice": "2,19€",
            "ItemUnit": "4,38€/kg",
            "local_image_path": "Lebensmittel/Backen & Desserts/suedzucker_brauner_zucker500g.jpg"
          },
          {
            "image_urls": [
              "https://www.edeka24.de/out/pictures/generated/product/1/224_224_90/4000521008031.jpg"
            ],
            "ItemTitle": "Dr.Oetker Himbeer-Sahne Creme 62G",
            "ItemPrice": "1,49€",
            "ItemUnit": "24,03€/kg",
            "local_image_path": "Lebensmittel/Backen & Desserts/4000521008031.jpg"
          },
          {
            "image_urls": [
              "https://www.edeka24.de/out/pictures/generated/product/1/224_224_90/edeka_kokosraspeln_200_g.jpg"
            ],
            "ItemTitle": "EDEKA Kokosraspel naturbelassen 200G",
            "ItemPrice": "1,49€",
            "ItemUnit": "7,45€/kg",
            "local_image_path": "Lebensmittel/Backen & Desserts/edeka_kokosraspeln_200_g.jpg"
          },
          {
            "image_urls": [
              "https://www.edeka24.de/out/pictures/generated/product/1/224_224_90/alprosojadessertschoko.jpg"
            ],
            "ItemTitle": "Alpro Soya Dessert Dunkle Schokolade feinherb 4ST 500G",
            "ItemPrice": "2,49€",
            "ItemUnit": "4,98€/kg",
            "local_image_path": "Lebensmittel/Backen & Desserts/alprosojadessertschoko.jpg"
          },
          {
            "image_urls": [
              "https://www.edeka24.de/out/pictures/generated/product/1/224_224_90/mandeln_ganz.jpg"
            ],
            "ItemTitle": "Gut & Günstig Mandeln 200G",
            "ItemPrice": "2,39€",
            "ItemUnit": "11,95€/kg",
            "local_image_path": "Lebensmittel/Backen & Desserts/mandeln_ganz.jpg"
          },
          {
            "image_urls": [
              "https://www.edeka24.de/out/pictures/generated/product/1/224_224_90/sdzucker_puderzucker_250_g.jpg"
            ],
            "ItemTitle": "Südzucker Puderzucker 250G",
            "ItemPrice": "0,89€",
            "ItemUnit": "3,56€/kg",
            "local_image_path": "Lebensmittel/Backen & Desserts/sdzucker_puderzucker_250_g.jpg"
          },
          {
            "image_urls": [
              "https://www.edeka24.de/out/pictures/generated/product/1/224_224_90/edeka_bio_zitronello_200_ml.jpg"
            ],
            "ItemTitle": "EDEKA Bio Zitronello 200ML",
            "ItemPrice": "0,79€",
            "ItemUnit": "3,95€/l",
            "local_image_path": "Lebensmittel/Backen & Desserts/edeka_bio_zitronello_200_ml.jpg"
          },
          {
            "image_urls": [
              "https://www.edeka24.de/out/pictures/generated/product/1/224_224_90/droetker_bourbon_vanillezucker.jpg"
            ],
            "ItemTitle": "Dr.Oetker Bourbon Vanillezucker 3x 8G",
            "ItemPrice": "1,39€",
            "ItemUnit": "57,92€/kg",
            "local_image_path": "Lebensmittel/Backen & Desserts/droetker_bourbon_vanillezucker.jpg"
          },
          {
            "image_urls": [
              "https://www.edeka24.de/out/pictures/generated/product/1/224_224_90/goldpuder_weizenmehl_type_405.jpg"
            ],
            "ItemTitle": "Goldpuder Weizenmehl Type 405 1000G",
            "ItemPrice": "1,69€",
            "ItemUnit": "1,69€/kg",
            "local_image_path": "Lebensmittel/Backen & Desserts/goldpuder_weizenmehl_type_405.jpg"
          },
          {
            "image_urls": [
              "https://www.edeka24.de/out/pictures/generated/product/1/224_224_90/alprosojadessertvanille.jpg"
            ],
            "ItemTitle": "Alpro Soya-Dessert Feine Vanille 4ST 500G",
            "ItemPrice": "2,49€",
            "ItemUnit": "4,98€/kg",
            "local_image_path": "Lebensmittel/Backen & Desserts/alprosojadessertvanille.jpg"
          },
          {
            "image_urls": [
              "https://www.edeka24.de/out/pictures/generated/product/1/224_224_90/oetkdekor_abcampampzahlen_58g.jpg"
            ],
            "ItemTitle": "Dr.Oetker Dekor ABC & Zahlen 58G",
            "ItemPrice": "3,49€",
            "ItemUnit": "60,17€/kg",
            "local_image_path": "Lebensmittel/Backen & Desserts/oetkdekor_abcampampzahlen_58g.jpg"
          },
          {
            "image_urls": [
              "https://www.edeka24.de/out/pictures/generated/product/1/224_224_90/ruf_hefeteig_400g.jpg"
            ],
            "ItemTitle": "Ruf Unser Hefeteig 400G",
            "ItemPrice": "1,39€",
            "ItemUnit": "3,48€/kg",
            "local_image_path": "Lebensmittel/Backen & Desserts/ruf_hefeteig_400g.jpg"
          },
          {
            "image_urls": [
              "https://www.edeka24.de/out/pictures/generated/product/1/224_224_90/edeka_milchschokoladenstreusel200g.jpg"
            ],
            "ItemTitle": "EDEKA Milchschokoladen-Streusel 200G",
            "ItemPrice": "1,79€",
            "ItemUnit": "8,95€/kg",
            "local_image_path": "Lebensmittel/Backen & Desserts/edeka_milchschokoladenstreusel200g.jpg"
          },
          {
            "image_urls": [
              "https://www.edeka24.de/out/pictures/generated/product/1/224_224_90/edekahaselnusskrokant.jpg"
            ],
            "ItemTitle": "EDEKA Haselnuss Krokant 100G",
            "ItemPrice": "1,49€",
            "ItemUnit": "14,90€/kg",
            "local_image_path": "Lebensmittel/Backen & Desserts/edekahaselnusskrokant.jpg"
          },
          {
            "image_urls": [
              "https://www.edeka24.de/out/pictures/generated/product/1/224_224_90/leipaniermehl_400g.jpg"
            ],
            "ItemTitle": "Leimer Paniermehl 400G",
            "ItemPrice": "1,59€",
            "ItemUnit": "3,98€/kg",
            "local_image_path": "Lebensmittel/Backen & Desserts/leipaniermehl_400g.jpg"
          },
          {
            "image_urls": [
              "https://www.edeka24.de/out/pictures/generated/product/1/224_224_90/edeka_rum_rosinen.jpg"
            ],
            "ItemTitle": "EDEKA Rum Rosinen ungeschwefelt 125G",
            "ItemPrice": "1,69€",
            "ItemUnit": "13,52€/kg",
            "local_image_path": "Lebensmittel/Backen & Desserts/edeka_rum_rosinen.jpg"
          },
          {
            "image_urls": [
              "https://www.edeka24.de/out/pictures/generated/product/1/224_224_90/sdzucker_gelierzucker_2_plus_1_500g.jpg"
            ],
            "ItemTitle": "Südzucker Gelier Rübenzucker 2 plus 1 500G",
            "ItemPrice": "1,49€",
            "ItemUnit": "2,98€/kg",
            "local_image_path": "Lebensmittel/Backen & Desserts/sdzucker_gelierzucker_2_plus_1_500g.jpg"
          },
          {
            "image_urls": [
              "https://www.edeka24.de/out/pictures/generated/product/1/224_224_90/sdzucker_demerara_wrfelrohrzucker.jpg"
            ],
            "ItemTitle": "Südzucker Brauner Würfel-Rohrzucker Fairtrade 500G",
            "ItemPrice": "2,69€",
            "ItemUnit": "5,38€/kg",
            "local_image_path": "Lebensmittel/Backen & Desserts/sdzucker_demerara_wrfelrohrzucker.jpg"
          },
          {
            "image_urls": [
              "https://www.edeka24.de/out/pictures/generated/product/1/224_224_90/droetker_original_backin_mit_safran_3er_packung.jpg"
            ],
            "ItemTitle": "Dr.Oetker Original Backin mit Safran 3ST 48,9G",
            "ItemPrice": "1,09€",
            "ItemUnit": "22,29€/kg",
            "local_image_path": "Lebensmittel/Backen & Desserts/droetker_original_backin_mit_safran_3er_packung.jpg"
          },
          {
            "image_urls": [
              "https://www.edeka24.de/out/pictures/generated/product/1/224_224_90/alnatura_bio_polenta_500_g.jpg"
            ],
            "ItemTitle": "Alnatura Bio Polenta 500G",
            "ItemPrice": "1,99€",
            "ItemUnit": "3,98€/kg",
            "local_image_path": "Lebensmittel/Beilagen/alnatura_bio_polenta_500_g.jpg"
          },
          {
            "image_urls": [
              "https://www.edeka24.de/out/pictures/generated/product/1/224_224_90/droetker_zitronen_muffins_455g.jpg"
            ],
            "ItemTitle": "Dr.Oetker Zitronen Muffins 455G",
            "ItemPrice": "3,49€",
            "ItemUnit": "7,67€/kg",
            "local_image_path": "Lebensmittel/Backen & Desserts/droetker_zitronen_muffins_455g.jpg"
          },
          {
            "image_urls": [
              "https://www.edeka24.de/out/pictures/generated/product/1/224_224_90/gutampampgamp220nstig_pinienkerne_50g.jpg"
            ],
            "ItemTitle": "Gut & Günstig Pinienkerne 50G",
            "ItemPrice": "2,89€",
            "ItemUnit": "57,80€/kg",
            "local_image_path": "Lebensmittel/Backen & Desserts/gutampampgamp220nstig_pinienkerne_50g.jpg"
          },
          {
            "image_urls": [
              "https://www.edeka24.de/out/pictures/generated/product/1/224_224_90/alnatura_bio_dinkelvollkornmehl.jpg"
            ],
            "ItemTitle": "Alnatura Bio Dinkelvollkornmehl 1KG",
            "ItemPrice": "2,49€",
            "ItemUnit": "2,49€/kg",
            "local_image_path": "Lebensmittel/Backen & Desserts/alnatura_bio_dinkelvollkornmehl.jpg"
          },
          {
            "image_urls": [
              "https://www.edeka24.de/out/pictures/generated/product/1/224_224_90/demeter_bauckhof_backmischung_bauernbrot_vollkorn_500g.jpg"
            ],
            "ItemTitle": "Bauckhof Demeter Bio Bauernbrot Vollkorn Backmischung 500G",
            "ItemPrice": "2,49€",
            "ItemUnit": "4,98€/kg",
            "local_image_path": "Bio-Produkte/Bio Marken/demeter_bauckhof_backmischung_bauernbrot_vollkorn_500g.jpg"
          },
          {
            "image_urls": [
              "https://www.edeka24.de/out/pictures/generated/product/1/224_224_90/edeka_mandeln_gestiftelt_100_g.jpg"
            ],
            "ItemTitle": "EDEKA Kalifornische Mandeln blanchiert, gestiftelt 100G",
            "ItemPrice": "1,79€",
            "ItemUnit": "17,90€/kg",
            "local_image_path": "Lebensmittel/Backen & Desserts/edeka_mandeln_gestiftelt_100_g.jpg"
          },
          {
            "image_urls": [
              "https://www.edeka24.de/out/pictures/generated/product/1/224_224_90/gut_amp_gnstig_haselnusskerne_gemahlen.jpg"
            ],
            "ItemTitle": "Gut & Günstig Haselnusskerne naturbelassen & gemahlen 200G",
            "ItemPrice": "2,09€",
            "ItemUnit": "10,45€/kg",
            "local_image_path": "Lebensmittel/Backen & Desserts/gut_amp_gnstig_haselnusskerne_gemahlen.jpg"
          },
          {
            "image_urls": [
              "https://www.edeka24.de/out/pictures/generated/product/1/224_224_90/edeka_couverture_vollmilch_200g.jpg"
            ],
            "ItemTitle": "EDEKA Vollmilch Schokoladen Couverture 200G",
            "ItemPrice": "1,29€",
            "ItemUnit": "6,45€/kg",
            "local_image_path": "Lebensmittel/Backen & Desserts/edeka_couverture_vollmilch_200g.jpg"
          },
          {
            "image_urls": [
              "https://www.edeka24.de/out/pictures/generated/product/1/224_224_90/natreen_tafelsamp252amp223e_tabletten_classic_500st_32g.jpg"
            ],
            "ItemTitle": "Natreen Tafelsüße classic 500ST 32G",
            "ItemPrice": "2,69€",
            "ItemUnit": "84,06€/kg",
            "local_image_path": "Lebensmittel/Backen & Desserts/natreen_tafelsamp252amp223e_tabletten_classic_500st_32g.jpg"
          },
          {
            "image_urls": [
              "https://www.edeka24.de/out/pictures/generated/product/1/224_224_90/droetker_gala_puddingpulver_bourbonvanille_3x_37_g.jpg"
            ],
            "ItemTitle": "Dr.Oetker Gala Puddingpulver Bourbon-Vanille 3ST 111G",
            "ItemPrice": "1,59€",
            "ItemUnit": "14,32€/kg",
            "local_image_path": "Wein/ Spirituosen/Spirituosen/highland_park_18_jahre_single_malt_whisky.jpg"
          },
          {
            "image_urls": [
              "https://www.edeka24.de/out/pictures/generated/product/1/224_224_90/4000521004804_41.jpg"
            ],
            "ItemTitle": "Dr.Oetker Backmischung Schoko-Wolke 455G",
            "ItemPrice": "3,49€",
            "ItemUnit": "7,67€/kg",
            "local_image_path": "Lebensmittel/Backen & Desserts/4000521004804_41.jpg"
          },
          {
            "image_urls": [
              "https://www.edeka24.de/out/pictures/generated/product/1/224_224_90/mondamin_feine_speisestrke.jpg"
            ],
            "ItemTitle": "Mondamin Feine Speisestärke 400G",
            "ItemPrice": "1,79€",
            "ItemUnit": "4,48€/kg",
            "local_image_path": "Lebensmittel/Backen & Desserts/mondamin_feine_speisestrke.jpg"
          },
          {
            "image_urls": [
              "https://www.edeka24.de/out/pictures/generated/product/1/224_224_90/edeka_raspel_schokolade_vollmilch_100g.jpg"
            ],
            "ItemTitle": "EDEKA Raspel Schokolade Vollmilch 100G",
            "ItemPrice": "1,39€",
            "ItemUnit": "13,90€/kg",
            "local_image_path": "Lebensmittel/Backen & Desserts/edeka_raspel_schokolade_vollmilch_100g.jpg"
          },
          {
            "image_urls": [
              "https://www.edeka24.de/out/pictures/generated/product/1/224_224_90/alnatura_bio_agavendicksaft.jpg"
            ],
            "ItemTitle": "Alnatura Bio Agavendicksaft 250ML",
            "ItemPrice": "2,79€",
            "ItemUnit": "11,16€/l",
            "local_image_path": "Lebensmittel/Backen & Desserts/alnatura_bio_agavendicksaft.jpg"
          },
          {
            "image_urls": [
              "https://www.edeka24.de/out/pictures/generated/product/1/224_224_90/bio_alnatura_weizenmehl_type_550_1kg.jpg"
            ],
            "ItemTitle": "Alnatura Bio Weizenmehl Type 550 1KG",
            "ItemPrice": "1,59€",
            "ItemUnit": "1,59€/kg",
            "local_image_path": "Wein/ Spirituosen/Spirituosen/highland_park_18_jahre_single_malt_whisky.jpg"
          },
          {
            "image_urls": [
              "https://www.edeka24.de/out/pictures/generated/product/1/224_224_90/sdzucker_gelierzucker_3_plus_1_500g.jpg"
            ],
            "ItemTitle": "Südzucker Gelier Rüben Zucker 3:1 500G",
            "ItemPrice": "1,99€",
            "ItemUnit": "3,98€/kg",
            "local_image_path": "Lebensmittel/Backen & Desserts/sdzucker_gelierzucker_3_plus_1_500g.jpg"
          },
          {
            "image_urls": [
              "https://www.edeka24.de/out/pictures/generated/product/1/224_224_90/sdzucker_fairtrade_rohrzucker_sticks.jpg"
            ],
            "ItemTitle": "Südzucker Fairtrade Rohrzucker Sticks 250G",
            "ItemPrice": "2,69€",
            "ItemUnit": "10,76€/kg",
            "local_image_path": "Lebensmittel/Backen & Desserts/sdzucker_fairtrade_rohrzucker_sticks.jpg"
          },
          {
            "image_urls": [
              "https://www.edeka24.de/out/pictures/generated/product/1/224_224_90/edeka_haselnusskerne_gehackt(1).jpg"
            ],
            "ItemTitle": "EDEKA Haselnusskerne leicht geröstet, fein gehackt 100G",
            "ItemPrice": "1,99€",
            "ItemUnit": "19,90€/kg",
            "local_image_path": "Lebensmittel/Backen & Desserts/edeka_haselnusskerne_gehackt(1).jpg"
          },
          {
            "image_urls": [
              "https://www.edeka24.de/out/pictures/generated/product/1/224_224_90/bauckhof6-kornbrot.jpg"
            ],
            "ItemTitle": "Bauckhof Demeter Bio 6-Korn Brot Backmischung 500G",
            "ItemPrice": "3,29€",
            "ItemUnit": "6,58€/kg",
            "local_image_path": "Bio-Produkte/Bio Marken/bauckhof6-kornbrot.jpg"
          },
          {
            "image_urls": [
              "https://www.edeka24.de/out/pictures/generated/product/1/224_224_90/130439004_oe.schokinokuchen480g.jpg"
            ],
            "ItemTitle": "Dr.Oetker Schokino-Kuchen 495G",
            "ItemPrice": "3,49€",
            "ItemUnit": "7,05€/kg",
            "local_image_path": "Lebensmittel/Backen & Desserts/130439004_oe.schokinokuchen480g.jpg"
          },
          {
            "image_urls": [
              "https://www.edeka24.de/out/pictures/generated/product/1/224_224_90/mandeln_gemahlen_natural.jpg"
            ],
            "ItemTitle": "Gut & Günstig Mandeln gemahlen 200G",
            "ItemPrice": "2,09€",
            "ItemUnit": "10,45€/kg",
            "local_image_path": "Lebensmittel/Backen & Desserts/mandeln_gemahlen_natural.jpg"
          },
          {
            "image_urls": [
              "https://www.edeka24.de/out/pictures/generated/product/1/224_224_90/edeka_pistazienkerne_geschamp228lt_50g.jpg"
            ],
            "ItemTitle": "EDEKA Pistazienkerne dunkelgrün, geschält 50G",
            "ItemPrice": "3,79€",
            "ItemUnit": "75,80€/kg",
            "local_image_path": "Lebensmittel/Backen & Desserts/edeka_pistazienkerne_geschamp228lt_50g.jpg"
          },
          {
            "image_urls": [
              "https://www.edeka24.de/out/pictures/generated/product/1/224_224_90/droetker_se_mahlzeit_milchreis_klassische_art(1).jpg"
            ],
            "ItemTitle": "Dr.Oetker Süße Mahlzeit Milchreis klassische Art 125G",
            "ItemPrice": "1,69€",
            "ItemUnit": "13,52€/kg",
            "local_image_path": "Wein/ Spirituosen/Spirituosen/highland_park_18_jahre_single_malt_whisky.jpg"
          },
          {
            "image_urls": [
              "https://www.edeka24.de/out/pictures/generated/product/1/224_224_90/droetker_original_puddingpulver_schokolade_3x_445g.jpg"
            ],
            "ItemTitle": "Dr.Oetker Original Puddingpulver Schokolade 3ST 133G",
            "ItemPrice": "1,09€",
            "ItemUnit": "8,16€/kg",
            "local_image_path": "Lebensmittel/Backen & Desserts/droetker_original_puddingpulver_schokolade_3x_445g.jpg"
          },
          {
            "image_urls": [
              "https://www.edeka24.de/out/pictures/generated/product/1/224_224_90/edeka_mandeln_blanchiert_ganz_100g.jpg"
            ],
            "ItemTitle": "EDEKA Kalifornische Mandeln blanchiert, ganze Kerne 100G",
            "ItemPrice": "1,79€",
            "ItemUnit": "17,90€/kg",
            "local_image_path": "Lebensmittel/Backen & Desserts/edeka_mandeln_blanchiert_ganz_100g.jpg"
          },
          {
            "image_urls": [
              "https://www.edeka24.de/out/pictures/generated/product/1/224_224_90/sdzucker_zucker_sticks_50x_5_g.jpg"
            ],
            "ItemTitle": "Südzucker Zucker Sticks 50ST 250G",
            "ItemPrice": "2,69€",
            "ItemUnit": "10,76€/kg",
            "local_image_path": "Lebensmittel/Backen & Desserts/sdzucker_zucker_sticks_50x_5_g.jpg"
          },
          {
            "image_urls": [
              "https://www.edeka24.de/out/pictures/generated/product/1/224_224_90/ruf_dessert_soe_vanille_geschmack_ohne_kochen_3x_24_g.jpg"
            ],
            "ItemTitle": "RUF Dessertsosse Vanille ohne Kochen für 1,5l 72G",
            "ItemPrice": "0,99€",
            "ItemUnit": "13,75€/kg",
            "local_image_path": "Lebensmittel/Backen & Desserts/ruf_dessert_soe_vanille_geschmack_ohne_kochen_3x_24_g.jpg"
          },
          {
            "image_urls": [
              "https://www.edeka24.de/out/pictures/generated/product/1/224_224_90/droetker_gala_feiner_schokomandelpudding.jpg"
            ],
            "ItemTitle": "Dr.Oetker Gala Feiner Schoko-Mandel-Pudding 2ST 110G",
            "ItemPrice": "1,59€",
            "ItemUnit": "14,45€/kg",
            "local_image_path": "Wein/ Spirituosen/Spirituosen/highland_park_18_jahre_single_malt_whisky.jpg"
          },
          {
            "image_urls": [
              "https://www.edeka24.de/out/pictures/generated/product/1/224_224_90/droetker_finesse_geriebene_zitronenschale_3x6g.jpg"
            ],
            "ItemTitle": "Dr.Oetker Finesse Geriebene Zitronenschale 3ST 18G",
            "ItemPrice": "1,09€",
            "ItemUnit": "60,56€/kg",
            "local_image_path": "Lebensmittel/Backen & Desserts/droetker_finesse_geriebene_zitronenschale_3x6g.jpg"
          },
          {
            "image_urls": [
              "https://www.edeka24.de/out/pictures/generated/product/1/224_224_90/droetker_seelenwamp228rmer_pudding_vanillegeschmack_famp252r_150ml_58g.jpg"
            ],
            "ItemTitle": "Dr.Oetker Seelenwärmer Tassen-Cremepudding Vanille-Geschmack 58G",
            "ItemPrice": "1,19€",
            "ItemUnit": "20,52€/kg",
            "local_image_path": "Lebensmittel/Backen & Desserts/droetker_seelenwamp228rmer_pudding_vanillegeschmack_famp252r_150ml_58g.jpg"
          },
          {
            "image_urls": [
              "https://www.edeka24.de/out/pictures/generated/product/1/224_224_90/gutampampgamp220nstig_backkakao_250g(1).jpg"
            ],
            "ItemTitle": "Gut & Günstig Backkakao 250G",
            "ItemPrice": "2,19€",
            "ItemUnit": "8,76€/kg",
            "local_image_path": "Wein/ Spirituosen/Spirituosen/highland_park_18_jahre_single_malt_whisky.jpg"
          },
          {
            "image_urls": [
              "https://www.edeka24.de/out/pictures/generated/product/1/224_224_90/goldpuderweichweizengrie(2).jpg"
            ],
            "ItemTitle": "Goldpuder Weichweizen-Grieß 500G",
            "ItemPrice": "1,39€",
            "ItemUnit": "2,78€/kg",
            "local_image_path": "Lebensmittel/Backen & Desserts/goldpuderweichweizengrie(2).jpg"
          },
          {
            "image_urls": [
              "https://www.edeka24.de/out/pictures/generated/product/1/224_224_90/puderzuckermuehle_240_p1.jpg"
            ],
            "ItemTitle": "Südzucker Puderzucker Mühle 250G",
            "ItemPrice": "2,19€",
            "ItemUnit": "8,76€/kg",
            "local_image_path": "Lebensmittel/Backen & Desserts/puderzuckermuehle_240_p1.jpg"
          },
          {
            "image_urls": [
              "https://www.edeka24.de/out/pictures/generated/product/1/224_224_90/alnatura_bio_dinkelgrie.jpg"
            ],
            "ItemTitle": "Alnatura Bio Dinkel Grieß 500G",
            "ItemPrice": "2,89€",
            "ItemUnit": "5,78€/kg",
            "local_image_path": "Lebensmittel/Beilagen/alnatura_bio_dinkelgrie.jpg"
          },
          {
            "image_urls": [
              "https://www.edeka24.de/out/pictures/generated/product/1/224_224_90/steife_sahne_p1.jpg"
            ],
            "ItemTitle": "Dr.Oetker Sahnesteif 5ST 40G",
            "ItemPrice": "1,19€",
            "ItemUnit": "29,75€/kg",
            "local_image_path": "Lebensmittel/Backen & Desserts/steife_sahne_p1.jpg"
          },
          {
            "image_urls": [
              "https://www.edeka24.de/out/pictures/generated/product/1/224_224_90/sdzucker_krmel_kandis.jpg"
            ],
            "ItemTitle": "Südzucker Krümel Kandis 500G",
            "ItemPrice": "2,89€",
            "ItemUnit": "5,78€/kg",
            "local_image_path": "Lebensmittel/Backen & Desserts/sdzucker_krmel_kandis.jpg"
          },
          {
            "image_urls": [
              "https://www.edeka24.de/out/pictures/generated/product/1/224_224_90/goldpuder_hartweizengrie_500_g.jpg"
            ],
            "ItemTitle": "Goldpuder Hartweizen-Grieß 500G",
            "ItemPrice": "1,49€",
            "ItemUnit": "2,98€/kg",
            "local_image_path": "Lebensmittel/Beilagen/goldpuder_hartweizengrie_500_g.jpg"
          },
          {
            "image_urls": [
              "https://www.edeka24.de/out/pictures/generated/product/1/224_224_90/alnatura_bio_roggenvollkornmehl.jpg"
            ],
            "ItemTitle": "Alnatura Bio Roggenvollkornmehl 1KG",
            "ItemPrice": "1,89€",
            "ItemUnit": "1,89€/kg",
            "local_image_path": "Lebensmittel/Backen & Desserts/alnatura_bio_roggenvollkornmehl.jpg"
          },
          {
            "image_urls": [
              "https://www.edeka24.de/out/pictures/generated/product/1/224_224_90/edeka_schokotrpfchen_zartbitter.jpg"
            ],
            "ItemTitle": "EDEKA Schokotröpfchen zartbitter 100G",
            "ItemPrice": "1,39€",
            "ItemUnit": "13,90€/kg",
            "local_image_path": "Wein/ Spirituosen/Spirituosen/highland_park_18_jahre_single_malt_whisky.jpg"
          },
          {
            "image_urls": [
              "https://www.edeka24.de/out/pictures/generated/product/1/224_224_90/droetker_backmischung_zitronenwolke.jpg"
            ],
            "ItemTitle": "Dr.Oetker Backmischung Zitronen-Wolke 430G",
            "ItemPrice": "3,49€",
            "ItemUnit": "8,12€/kg",
            "local_image_path": "Lebensmittel/Backen & Desserts/droetker_backmischung_zitronenwolke.jpg"
          },
          {
            "image_urls": [
              "https://www.edeka24.de/out/pictures/generated/product/1/224_224_90/edeka_mandeln_gemahlen_naturbelassen_200_g.jpg"
            ],
            "ItemTitle": "EDEKA Kalifornische Mandeln naturbelassen, fein gemahlen 200G",
            "ItemPrice": "2,79€",
            "ItemUnit": "13,95€/kg",
            "local_image_path": "Wein/ Spirituosen/Spirituosen/highland_park_18_jahre_single_malt_whisky.jpg"
          },
          {
            "image_urls": [
              "https://www.edeka24.de/out/pictures/generated/product/1/224_224_90/alnatura_bio_zitronenschale_gerieben_5_g.jpg"
            ],
            "ItemTitle": "Alnatura Bio Zitronenschale gerieben 5G",
            "ItemPrice": "0,79€",
            "ItemUnit": "",
            "local_image_path": "Wein/ Spirituosen/Spirituosen/highland_park_18_jahre_single_malt_whisky.jpg"
          },
          {
            "image_urls": [
              "https://www.edeka24.de/out/pictures/generated/product/1/224_224_90/bauckhofdinkelbrot.jpg"
            ],
            "ItemTitle": "Bauckhof Demeter Bio Dinkelbrot Backmichung Vollkorn 500G",
            "ItemPrice": "3,29€",
            "ItemUnit": "6,58€/kg",
            "local_image_path": "Bio-Produkte/Bio Marken/bauckhofdinkelbrot.jpg"
          },
          {
            "image_urls": [
              "https://www.edeka24.de/out/pictures/generated/product/1/224_224_90/tassenkchleinschoko.jpg"
            ],
            "ItemTitle": "Dr.Oetker Tassenküchlein Schoko 55G",
            "ItemPrice": "1,29€",
            "ItemUnit": "23,45€/kg",
            "local_image_path": "Lebensmittel/Backen & Desserts/tassenkchleinschoko.jpg"
          },
          {
            "image_urls": [
              "https://www.edeka24.de/out/pictures/generated/product/1/224_224_90/droetker_kirschli_kuchen.jpg"
            ],
            "ItemTitle": "Dr.Oetker Backmischung Kirschli Kuchen 435G",
            "ItemPrice": "4,29€",
            "ItemUnit": "9,86€/kg",
            "local_image_path": "Wein/ Spirituosen/Spirituosen/highland_park_18_jahre_single_malt_whisky.jpg"
          },
          {
            "image_urls": [
              "https://www.edeka24.de/out/pictures/generated/product/1/224_224_90/edeka_couverture_zartbitter_200g.jpg"
            ],
            "ItemTitle": "EDEKA Zartbitter Schokoladen Couverture 200G",
            "ItemPrice": "1,29€",
            "ItemUnit": "6,45€/kg",
            "local_image_path": "Lebensmittel/Backen & Desserts/edeka_couverture_zartbitter_200g.jpg"
          },
          {
            "image_urls": [
              "https://www.edeka24.de/out/pictures/generated/product/1/224_224_90/edeka_helle_kuchenglasur(1).jpg"
            ],
            "ItemTitle": "EDEKA Helle Kuchenglasur 100G",
            "ItemPrice": "1,29€",
            "ItemUnit": "12,90€/kg",
            "local_image_path": "Lebensmittel/Backen & Desserts/edeka_helle_kuchenglasur(1).jpg"
          },
          {
            "image_urls": [
              "https://www.edeka24.de/out/pictures/generated/product/1/224_224_90/kakaozumbacken.jpg"
            ],
            "ItemTitle": "Dr.Oetker Kakao zum Backen 100G",
            "ItemPrice": "2,49€",
            "ItemUnit": "24,90€/kg",
            "local_image_path": "Lebensmittel/Backen & Desserts/kakaozumbacken.jpg"
          },
          {
            "image_urls": [
              "https://www.edeka24.de/out/pictures/generated/product/1/224_224_90/bio_alnatura_speisestamp228rke_250g(1).jpg"
            ],
            "ItemTitle": "Alnatura Bio Speisestärke 250G",
            "ItemPrice": "1,89€",
            "ItemUnit": "7,56€/kg",
            "local_image_path": "Lebensmittel/Backen & Desserts/bio_alnatura_speisestamp228rke_250g(1).jpg"
          },
          {
            "image_urls": [
              "https://www.edeka24.de/out/pictures/generated/product/1/224_224_90/droetker_mousse_au_chocolat.jpg"
            ],
            "ItemTitle": "Dr.Oetker Mousse au Chocolat Klassisch 92G",
            "ItemPrice": "2,29€",
            "ItemUnit": "24,89€/kg",
            "local_image_path": "Lebensmittel/Backen & Desserts/droetker_mousse_au_chocolat.jpg"
          },
          {
            "image_urls": [
              "https://www.edeka24.de/out/pictures/generated/product/1/224_224_90/droetker_zitronenkuchen_525g.jpg"
            ],
            "ItemTitle": "Dr. Oetker Zitronenkuchen 525G",
            "ItemPrice": "3,29€",
            "ItemUnit": "6,27€/kg",
            "local_image_path": "Wein/ Spirituosen/Spirituosen/highland_park_18_jahre_single_malt_whisky.jpg"
          },
          {
            "image_urls": [
              "https://www.edeka24.de/out/pictures/generated/product/1/224_224_90/edeka_zuckerstreusel_100g.jpg"
            ],
            "ItemTitle": "EDEKA Bunte Zuckerstreusel 100G",
            "ItemPrice": "1,09€",
            "ItemUnit": "10,90€/kg",
            "local_image_path": "Lebensmittel/Backen & Desserts/edeka_zuckerstreusel_100g.jpg"
          },
          {
            "image_urls": [
              "https://www.edeka24.de/out/pictures/generated/product/1/224_224_90/droetker_se_mahlzeit_milchreis_klassische_art(1).jpg"
            ],
            "ItemTitle": "Dr.Oetker Süße Mahlzeit Milchreis klassische Art 125G",
            "ItemPrice": "1,69€",
            "ItemUnit": "13,52€/kg",
            "local_image_path": "Wein/ Spirituosen/Spirituosen/highland_park_18_jahre_single_malt_whisky.jpg"
          },
          {
            "image_urls": [
              "https://www.edeka24.de/out/pictures/generated/product/1/224_224_90/droetker_original_puddingpulver_schokolade_3x_445g.jpg"
            ],
            "ItemTitle": "Dr.Oetker Original Puddingpulver Schokolade 3ST 133G",
            "ItemPrice": "1,09€",
            "ItemUnit": "8,16€/kg",
            "local_image_path": "Lebensmittel/Backen & Desserts/droetker_original_puddingpulver_schokolade_3x_445g.jpg"
          },
          {
            "image_urls": [
              "https://www.edeka24.de/out/pictures/generated/product/1/224_224_90/edeka_mandeln_blanchiert_ganz_100g.jpg"
            ],
            "ItemTitle": "EDEKA Kalifornische Mandeln blanchiert, ganze Kerne 100G",
            "ItemPrice": "1,79€",
            "ItemUnit": "17,90€/kg",
            "local_image_path": "Lebensmittel/Backen & Desserts/edeka_mandeln_blanchiert_ganz_100g.jpg"
          },
          {
            "image_urls": [
              "https://www.edeka24.de/out/pictures/generated/product/1/224_224_90/sdzucker_zucker_sticks_50x_5_g.jpg"
            ],
            "ItemTitle": "Südzucker Zucker Sticks 50ST 250G",
            "ItemPrice": "2,69€",
            "ItemUnit": "10,76€/kg",
            "local_image_path": "Lebensmittel/Backen & Desserts/sdzucker_zucker_sticks_50x_5_g.jpg"
          },
          {
            "image_urls": [
              "https://www.edeka24.de/out/pictures/generated/product/1/224_224_90/ruf_dessert_soe_vanille_geschmack_ohne_kochen_3x_24_g.jpg"
            ],
            "ItemTitle": "RUF Dessertsosse Vanille ohne Kochen für 1,5l 72G",
            "ItemPrice": "0,99€",
            "ItemUnit": "13,75€/kg",
            "local_image_path": "Lebensmittel/Backen & Desserts/ruf_dessert_soe_vanille_geschmack_ohne_kochen_3x_24_g.jpg"
          },
          {
            "image_urls": [
              "https://www.edeka24.de/out/pictures/generated/product/1/224_224_90/droetker_gala_feiner_schokomandelpudding.jpg"
            ],
            "ItemTitle": "Dr.Oetker Gala Feiner Schoko-Mandel-Pudding 2ST 110G",
            "ItemPrice": "1,59€",
            "ItemUnit": "14,45€/kg",
            "local_image_path": "Wein/ Spirituosen/Spirituosen/highland_park_18_jahre_single_malt_whisky.jpg"
          },
          {
            "image_urls": [
              "https://www.edeka24.de/out/pictures/generated/product/1/224_224_90/droetker_finesse_geriebene_zitronenschale_3x6g.jpg"
            ],
            "ItemTitle": "Dr.Oetker Finesse Geriebene Zitronenschale 3ST 18G",
            "ItemPrice": "1,09€",
            "ItemUnit": "60,56€/kg",
            "local_image_path": "Lebensmittel/Backen & Desserts/droetker_finesse_geriebene_zitronenschale_3x6g.jpg"
          },
          {
            "image_urls": [
              "https://www.edeka24.de/out/pictures/generated/product/1/224_224_90/droetker_seelenwamp228rmer_pudding_vanillegeschmack_famp252r_150ml_58g.jpg"
            ],
            "ItemTitle": "Dr.Oetker Seelenwärmer Tassen-Cremepudding Vanille-Geschmack 58G",
            "ItemPrice": "1,19€",
            "ItemUnit": "20,52€/kg",
            "local_image_path": "Lebensmittel/Backen & Desserts/droetker_seelenwamp228rmer_pudding_vanillegeschmack_famp252r_150ml_58g.jpg"
          },
          {
            "image_urls": [
              "https://www.edeka24.de/out/pictures/generated/product/1/224_224_90/gutampampgamp220nstig_backkakao_250g(1).jpg"
            ],
            "ItemTitle": "Gut & Günstig Backkakao 250G",
            "ItemPrice": "2,19€",
            "ItemUnit": "8,76€/kg",
            "local_image_path": "Wein/ Spirituosen/Spirituosen/highland_park_18_jahre_single_malt_whisky.jpg"
          },
          {
            "image_urls": [
              "https://www.edeka24.de/out/pictures/generated/product/1/224_224_90/goldpuderweichweizengrie(2).jpg"
            ],
            "ItemTitle": "Goldpuder Weichweizen-Grieß 500G",
            "ItemPrice": "1,39€",
            "ItemUnit": "2,78€/kg",
            "local_image_path": "Lebensmittel/Backen & Desserts/goldpuderweichweizengrie(2).jpg"
          },
          {
            "image_urls": [
              "https://www.edeka24.de/out/pictures/generated/product/1/224_224_90/puderzuckermuehle_240_p1.jpg"
            ],
            "ItemTitle": "Südzucker Puderzucker Mühle 250G",
            "ItemPrice": "2,19€",
            "ItemUnit": "8,76€/kg",
            "local_image_path": "Lebensmittel/Backen & Desserts/puderzuckermuehle_240_p1.jpg"
          },
          {
            "image_urls": [
              "https://www.edeka24.de/out/pictures/generated/product/1/224_224_90/alnatura_bio_dinkelgrie.jpg"
            ],
            "ItemTitle": "Alnatura Bio Dinkel Grieß 500G",
            "ItemPrice": "2,89€",
            "ItemUnit": "5,78€/kg",
            "local_image_path": "Lebensmittel/Beilagen/alnatura_bio_dinkelgrie.jpg"
          },
          {
            "image_urls": [
              "https://www.edeka24.de/out/pictures/generated/product/1/224_224_90/steife_sahne_p1.jpg"
            ],
            "ItemTitle": "Dr.Oetker Sahnesteif 5ST 40G",
            "ItemPrice": "1,19€",
            "ItemUnit": "29,75€/kg",
            "local_image_path": "Lebensmittel/Backen & Desserts/steife_sahne_p1.jpg"
          },
          {
            "image_urls": [
              "https://www.edeka24.de/out/pictures/generated/product/1/224_224_90/sdzucker_krmel_kandis.jpg"
            ],
            "ItemTitle": "Südzucker Krümel Kandis 500G",
            "ItemPrice": "2,89€",
            "ItemUnit": "5,78€/kg",
            "local_image_path": "Lebensmittel/Backen & Desserts/sdzucker_krmel_kandis.jpg"
          },
          {
            "image_urls": [
              "https://www.edeka24.de/out/pictures/generated/product/1/224_224_90/goldpuder_hartweizengrie_500_g.jpg"
            ],
            "ItemTitle": "Goldpuder Hartweizen-Grieß 500G",
            "ItemPrice": "1,49€",
            "ItemUnit": "2,98€/kg",
            "local_image_path": "Lebensmittel/Beilagen/goldpuder_hartweizengrie_500_g.jpg"
          },
          {
            "image_urls": [
              "https://www.edeka24.de/out/pictures/generated/product/1/224_224_90/alnatura_bio_roggenvollkornmehl.jpg"
            ],
            "ItemTitle": "Alnatura Bio Roggenvollkornmehl 1KG",
            "ItemPrice": "1,89€",
            "ItemUnit": "1,89€/kg",
            "local_image_path": "Lebensmittel/Backen & Desserts/alnatura_bio_roggenvollkornmehl.jpg"
          },
          {
            "image_urls": [
              "https://www.edeka24.de/out/pictures/generated/product/1/224_224_90/edeka_schokotrpfchen_zartbitter.jpg"
            ],
            "ItemTitle": "EDEKA Schokotröpfchen zartbitter 100G",
            "ItemPrice": "1,39€",
            "ItemUnit": "13,90€/kg",
            "local_image_path": "Wein/ Spirituosen/Spirituosen/highland_park_18_jahre_single_malt_whisky.jpg"
          },
          {
            "image_urls": [
              "https://www.edeka24.de/out/pictures/generated/product/1/224_224_90/droetker_backmischung_zitronenwolke.jpg"
            ],
            "ItemTitle": "Dr.Oetker Backmischung Zitronen-Wolke 430G",
            "ItemPrice": "3,49€",
            "ItemUnit": "8,12€/kg",
            "local_image_path": "Lebensmittel/Backen & Desserts/droetker_backmischung_zitronenwolke.jpg"
          },
          {
            "image_urls": [
              "https://www.edeka24.de/out/pictures/generated/product/1/224_224_90/edeka_mandeln_gemahlen_naturbelassen_200_g.jpg"
            ],
            "ItemTitle": "EDEKA Kalifornische Mandeln naturbelassen, fein gemahlen 200G",
            "ItemPrice": "2,79€",
            "ItemUnit": "13,95€/kg",
            "local_image_path": "Wein/ Spirituosen/Spirituosen/highland_park_18_jahre_single_malt_whisky.jpg"
          },
          {
            "image_urls": [
              "https://www.edeka24.de/out/pictures/generated/product/1/224_224_90/alnatura_bio_zitronenschale_gerieben_5_g.jpg"
            ],
            "ItemTitle": "Alnatura Bio Zitronenschale gerieben 5G",
            "ItemPrice": "0,79€",
            "ItemUnit": "",
            "local_image_path": "Wein/ Spirituosen/Spirituosen/highland_park_18_jahre_single_malt_whisky.jpg"
          },
          {
            "image_urls": [
              "https://www.edeka24.de/out/pictures/generated/product/1/224_224_90/bauckhofdinkelbrot.jpg"
            ],
            "ItemTitle": "Bauckhof Demeter Bio Dinkelbrot Backmichung Vollkorn 500G",
            "ItemPrice": "3,29€",
            "ItemUnit": "6,58€/kg",
            "local_image_path": "Bio-Produkte/Bio Marken/bauckhofdinkelbrot.jpg"
          },
          {
            "image_urls": [
              "https://www.edeka24.de/out/pictures/generated/product/1/224_224_90/tassenkchleinschoko.jpg"
            ],
            "ItemTitle": "Dr.Oetker Tassenküchlein Schoko 55G",
            "ItemPrice": "1,29€",
            "ItemUnit": "23,45€/kg",
            "local_image_path": "Lebensmittel/Backen & Desserts/tassenkchleinschoko.jpg"
          },
          {
            "image_urls": [
              "https://www.edeka24.de/out/pictures/generated/product/1/224_224_90/droetker_kirschli_kuchen.jpg"
            ],
            "ItemTitle": "Dr.Oetker Backmischung Kirschli Kuchen 435G",
            "ItemPrice": "4,29€",
            "ItemUnit": "9,86€/kg",
            "local_image_path": "Wein/ Spirituosen/Spirituosen/highland_park_18_jahre_single_malt_whisky.jpg"
          },
          {
            "image_urls": [
              "https://www.edeka24.de/out/pictures/generated/product/1/224_224_90/edeka_couverture_zartbitter_200g.jpg"
            ],
            "ItemTitle": "EDEKA Zartbitter Schokoladen Couverture 200G",
            "ItemPrice": "1,29€",
            "ItemUnit": "6,45€/kg",
            "local_image_path": "Lebensmittel/Backen & Desserts/edeka_couverture_zartbitter_200g.jpg"
          },
          {
            "image_urls": [
              "https://www.edeka24.de/out/pictures/generated/product/1/224_224_90/edeka_helle_kuchenglasur(1).jpg"
            ],
            "ItemTitle": "EDEKA Helle Kuchenglasur 100G",
            "ItemPrice": "1,29€",
            "ItemUnit": "12,90€/kg",
            "local_image_path": "Lebensmittel/Backen & Desserts/edeka_helle_kuchenglasur(1).jpg"
          },
          {
            "image_urls": [
              "https://www.edeka24.de/out/pictures/generated/product/1/224_224_90/kakaozumbacken.jpg"
            ],
            "ItemTitle": "Dr.Oetker Kakao zum Backen 100G",
            "ItemPrice": "2,49€",
            "ItemUnit": "24,90€/kg",
            "local_image_path": "Lebensmittel/Backen & Desserts/kakaozumbacken.jpg"
          },
          {
            "image_urls": [
              "https://www.edeka24.de/out/pictures/generated/product/1/224_224_90/bio_alnatura_speisestamp228rke_250g(1).jpg"
            ],
            "ItemTitle": "Alnatura Bio Speisestärke 250G",
            "ItemPrice": "1,89€",
            "ItemUnit": "7,56€/kg",
            "local_image_path": "Lebensmittel/Backen & Desserts/bio_alnatura_speisestamp228rke_250g(1).jpg"
          },
          {
            "image_urls": [
              "https://www.edeka24.de/out/pictures/generated/product/1/224_224_90/droetker_mousse_au_chocolat.jpg"
            ],
            "ItemTitle": "Dr.Oetker Mousse au Chocolat Klassisch 92G",
            "ItemPrice": "2,29€",
            "ItemUnit": "24,89€/kg",
            "local_image_path": "Lebensmittel/Backen & Desserts/droetker_mousse_au_chocolat.jpg"
          },
          {
            "image_urls": [
              "https://www.edeka24.de/out/pictures/generated/product/1/224_224_90/droetker_zitronenkuchen_525g.jpg"
            ],
            "ItemTitle": "Dr. Oetker Zitronenkuchen 525G",
            "ItemPrice": "3,29€",
            "ItemUnit": "6,27€/kg",
            "local_image_path": "Wein/ Spirituosen/Spirituosen/highland_park_18_jahre_single_malt_whisky.jpg"
          },
          {
            "image_urls": [
              "https://www.edeka24.de/out/pictures/generated/product/1/224_224_90/edeka_zuckerstreusel_100g.jpg"
            ],
            "ItemTitle": "EDEKA Bunte Zuckerstreusel 100G",
            "ItemPrice": "1,09€",
            "ItemUnit": "10,90€/kg",
            "local_image_path": "Lebensmittel/Backen & Desserts/edeka_zuckerstreusel_100g.jpg"
          }
        ]
      }
    ]
  },
  {
    "CategoryTitle": "Lebensmittel",
    "Subcategories": [
      {
        "subcategoryTitle": "Getränke",
        "productItems": [
          {
            "image_urls": [
              "https://www.edeka24.de/out/pictures/generated/product/1/224_224_90/vitrex_mineralwasser_sanft_perlend_05l_dpg.jpg"
            ],
            "ItemTitle": "Vitrex Mineralwasser sanft perlend 6x 0,5L",
            "ItemPrice": "1,89€",
            "ItemUnit": "0,63€/lzzgl.1,50€Pfand",
            "local_image_path": "Lebensmittel/Getränke/vitrex_mineralwasser_sanft_perlend_05l_dpg.jpg"
          },
          {
            "image_urls": [
              "https://www.edeka24.de/out/pictures/generated/product/1/224_224_90/vitrex_classic_05l_dpg.jpg"
            ],
            "ItemTitle": "Vitrex Mineralwasser Classic 6x 0,5L",
            "ItemPrice": "1,89€",
            "ItemUnit": "0,63€/lzzgl.1,50€Pfand",
            "local_image_path": "Lebensmittel/Getränke/vitrex_classic_05l_dpg.jpg"
          },
          {
            "image_urls": [
              "https://www.edeka24.de/out/pictures/generated/product/1/224_224_90/edeka_apfel_direktsaft_naturtrb.jpg"
            ],
            "ItemTitle": "EDEKA Apfel Direktsaft naturtrüb 1L",
            "ItemPrice": "1,29€",
            "ItemUnit": "1,29€/l",
            "local_image_path": "Lebensmittel/Getränke/edeka_apfel_direktsaft_naturtrb.jpg"
          },
          {
            "image_urls": [
              "https://www.edeka24.de/out/pictures/generated/product/1/224_224_90/cocac4x05.jpg"
            ],
            "ItemTitle": "Coca-Cola 4X 0,5L PET",
            "ItemPrice": "4,99€",
            "ItemUnit": "2,50€/lzzgl.1,00€Pfand",
            "local_image_path": "Lebensmittel/Getränke/cocac4x05.jpg"
          },
          {
            "image_urls": [
              "https://www.edeka24.de/out/pictures/generated/product/1/224_224_90/edksalimimu.jpg"
            ],
            "ItemTitle": "EDEKA Saftliebe Milder Multi 1L",
            "ItemPrice": "1,49€",
            "ItemUnit": "1,49€/lzzgl.0,25€Pfand",
            "local_image_path": "Lebensmittel/Getränke/edksalimimu.jpg"
          },
          {
            "image_urls": [
              "https://www.edeka24.de/out/pictures/generated/product/1/224_224_90/krombacher_pils_05l_dpg.jpg"
            ],
            "ItemTitle": "Krombacher Pils 0,5L",
            "ItemPrice": "0,99€",
            "ItemUnit": "1,98€/lzzgl.0,25€Pfand",
            "local_image_path": "Lebensmittel/Getränke/krombacher_pils_05l_dpg.jpg"
          },
          {
            "image_urls": [
              "https://www.edeka24.de/out/pictures/generated/product/1/224_224_90/edeka_fruchtliebe_milde_orange_1l_dpg.jpg"
            ],
            "ItemTitle": "EDEKA Fruchtliebe Milde Orange 1L",
            "ItemPrice": "1,49€",
            "ItemUnit": "1,49€/lzzgl.0,25€Pfand",
            "local_image_path": "Lebensmittel/Getränke/edeka_fruchtliebe_milde_orange_1l_dpg.jpg"
          },
          {
            "image_urls": [
              "https://www.edeka24.de/out/pictures/generated/product/1/224_224_90/vitrex_mineralwasser_naturelle_pet_6x_05_ltr.jpg"
            ],
            "ItemTitle": "Vitrex Mineralwasser Naturelle 6x 0,5L",
            "ItemPrice": "1,89€",
            "ItemUnit": "0,63€/lzzgl.1,50€Pfand",
            "local_image_path": "Lebensmittel/Getränke/vitrex_mineralwasser_naturelle_pet_6x_05_ltr.jpg"
          },
          {
            "image_urls": [
              "https://www.edeka24.de/out/pictures/generated/product/1/224_224_90/fantao4x05.jpg"
            ],
            "ItemTitle": "Fanta Orange 4x 0,5L PET",
            "ItemPrice": "4,99€",
            "ItemUnit": "2,50€/lzzgl.1,00€Pfand",
            "local_image_path": "Lebensmittel/Getränke/fantao4x05.jpg"
          },
          {
            "image_urls": [
              "https://www.edeka24.de/out/pictures/generated/product/1/224_224_90/amecke_sanfte_sfte_orange.jpg"
            ],
            "ItemTitle": "Amecke Sanfte Säfte Orange 1L",
            "ItemPrice": "1,99€",
            "ItemUnit": "1,99€/l",
            "local_image_path": "Lebensmittel/Getränke/amecke_sanfte_sfte_orange.jpg"
          },
          {
            "image_urls": [
              "https://www.edeka24.de/out/pictures/generated/product/1/224_224_90/warsteiner-premium-pils-05-dose.jpg"
            ],
            "ItemTitle": "Warsteiner Premium Pilsener 0,5L",
            "ItemPrice": "0,99€",
            "ItemUnit": "1,98€/lzzgl.0,25€Pfand",
            "local_image_path": "Lebensmittel/Getränke/warsteiner-premium-pils-05-dose.jpg"
          },
          {
            "image_urls": [
              "https://www.edeka24.de/out/pictures/generated/product/1/224_224_90/fraix_getrnkepulver_typ_zitrone_100g.jpg"
            ],
            "ItemTitle": "Fraix Getränkepulver Typ Zitrone 100G",
            "ItemPrice": "0,89€",
            "ItemUnit": "8,90€/kg",
            "local_image_path": "Lebensmittel/Getränke/fraix_getrnkepulver_typ_zitrone_100g.jpg"
          },
          {
            "image_urls": [
              "https://www.edeka24.de/out/pictures/generated/product/1/224_224_90/edeka_fruchtliebe_karibische_orange_1l_dpg.jpg"
            ],
            "ItemTitle": "EDEKA Fruchtliebe Karibische Orange 1L",
            "ItemPrice": "1,49€",
            "ItemUnit": "1,49€/lzzgl.0,25€Pfand",
            "local_image_path": "Lebensmittel/Getränke/edeka_fruchtliebe_karibische_orange_1l_dpg.jpg"
          },
          {
            "image_urls": [
              "https://www.edeka24.de/out/pictures/generated/product/1/224_224_90/edeka_ananas_direktsaft_1l.jpg"
            ],
            "ItemTitle": "EDEKA Ananas Direktsaft 1L",
            "ItemPrice": "2,19€",
            "ItemUnit": "2,19€/l",
            "local_image_path": "Lebensmittel/Getränke/edeka_ananas_direktsaft_1l.jpg"
          },
          {
            "image_urls": [
              "https://www.edeka24.de/out/pictures/generated/product/1/224_224_90/cocaczero4x05.jpg"
            ],
            "ItemTitle": "Coca-Cola Zero 4x 0,5L PET",
            "ItemPrice": "4,99€",
            "ItemUnit": "2,50€/lzzgl.1,00€Pfand",
            "local_image_path": "Lebensmittel/Getränke/cocaczero4x05.jpg"
          },
          {
            "image_urls": [
              "https://www.edeka24.de/out/pictures/generated/product/1/224_224_90/paulaner_spezi_033l_dpg.jpg"
            ],
            "ItemTitle": "Paulaner Spezi 0,33L",
            "ItemPrice": "0,79€",
            "ItemUnit": "2,39€/lzzgl.0,25€Pfand",
            "local_image_path": "Lebensmittel/Getränke/paulaner_spezi_033l_dpg.jpg"
          },
          {
            "image_urls": [
              "https://www.edeka24.de/out/pictures/generated/product/1/224_224_90/edeka_bio_apfel_saft_naturtrb_1_ltr.jpg"
            ],
            "ItemTitle": "Edeka Bio Apfelsaft naturtrüb 1L",
            "ItemPrice": "1,79€",
            "ItemUnit": "1,79€/l",
            "local_image_path": "Bio-Produkte/Bio Marken/edeka_bio_apfel_saft_naturtrb_1_ltr.jpg"
          },
          {
            "image_urls": [
              "https://www.edeka24.de/out/pictures/generated/product/1/224_224_90/fraix_getramp228nkepulver_typ_orange_100g.jpg"
            ],
            "ItemTitle": "Fraix Getränkepulver Typ Orange 100G",
            "ItemPrice": "0,89€",
            "ItemUnit": "8,90€/kg",
            "local_image_path": "Lebensmittel/Getränke/fraix_getramp228nkepulver_typ_orange_100g.jpg"
          },
          {
            "image_urls": [
              "https://www.edeka24.de/out/pictures/generated/product/1/224_224_90/sprite4x05.jpg"
            ],
            "ItemTitle": "Sprite 4x 0,5L",
            "ItemPrice": "4,99€",
            "ItemUnit": "2,50€/lzzgl.1,00€Pfand",
            "local_image_path": "Lebensmittel/Getränke/sprite4x05.jpg"
          },
          {
            "image_urls": [
              "https://www.edeka24.de/out/pictures/generated/product/1/224_224_90/red_bull_025.jpg"
            ],
            "ItemTitle": "Red Bull Energy Drink 250ML",
            "ItemPrice": "1,29€",
            "ItemUnit": "5,16€/lzzgl.0,25€Pfand",
            "local_image_path": "Lebensmittel/Getränke/red_bull_025.jpg"
          },
          {
            "image_urls": [
              "https://www.edeka24.de/out/pictures/generated/product/1/224_224_90/fraix_getrpulver_himbeer_100g.jpg"
            ],
            "ItemTitle": "Fraix Getränkepulver Typ Himbeere 100G",
            "ItemPrice": "0,89€",
            "ItemUnit": "8,90€/kg",
            "local_image_path": "Lebensmittel/Getränke/fraix_getrpulver_himbeer_100g.jpg"
          },
          {
            "image_urls": [
              "https://www.edeka24.de/out/pictures/generated/product/1/224_224_90/booster_original_energy_drink.jpg"
            ],
            "ItemTitle": "Booster Original Energy Drink 0,33L",
            "ItemPrice": "0,79€",
            "ItemUnit": "2,39€/lzzgl.0,25€Pfand",
            "local_image_path": "Lebensmittel/Getränke/booster_original_energy_drink.jpg"
          },
          {
            "image_urls": [
              "https://www.edeka24.de/out/pictures/generated/product/1/224_224_90/red_bull_summer_edition_aprikoseerdbeere_025l.jpg"
            ],
            "ItemTitle": "Red Bull Summer Edition Aprikose-Erdbeere 0,25L",
            "ItemPrice": "1,29€",
            "ItemUnit": "5,16€/lzzgl.0,25€Pfand",
            "local_image_path": "Lebensmittel/Getränke/red_bull_summer_edition_aprikoseerdbeere_025l.jpg"
          },
          {
            "image_urls": [
              "https://www.edeka24.de/out/pictures/generated/product/1/224_224_90/hitchcock_zitrone_pur_zitronensaft_aus_100_direktsaft_200_ml.jpg"
            ],
            "ItemTitle": "Hitchcock Zitrone Pur 200ML",
            "ItemPrice": "1,69€",
            "ItemUnit": "8,45€/l",
            "local_image_path": "Lebensmittel/Getränke/hitchcock_zitrone_pur_zitronensaft_aus_100_direktsaft_200_ml.jpg"
          },
          {
            "image_urls": [
              "https://www.edeka24.de/out/pictures/generated/product/1/224_224_90/fuze_tea_peach_04l_dpg.jpg"
            ],
            "ItemTitle": "Fuze Tea Peach 0,4L",
            "ItemPrice": "1,19€",
            "ItemUnit": "2,98€/lzzgl.0,25€Pfand",
            "local_image_path": "Lebensmittel/Getränke/fuze_tea_peach_04l_dpg.jpg"
          },
          {
            "image_urls": [
              "https://www.edeka24.de/out/pictures/generated/product/1/224_224_90/cocazero4er.jpg"
            ],
            "ItemTitle": "Coca-Cola Zero 4x 0,33L",
            "ItemPrice": "3,39€",
            "ItemUnit": "2,57€/lzzgl.1,00€Pfand",
            "local_image_path": "Lebensmittel/Getränke/cocazero4er.jpg"
          },
          {
            "image_urls": [
              "https://www.edeka24.de/out/pictures/generated/product/1/224_224_90/mautner_markhof_holunderbltensirup_ohne_zuckerzusatz_07_ltr.jpg"
            ],
            "ItemTitle": "Mautner Markhof Holunderblütensirup ohne Zuckerzusatz 0,7L",
            "ItemPrice": "3,99€",
            "ItemUnit": "5,70€/l",
            "local_image_path": "Lebensmittel/Getränke/mautner_markhof_holunderbltensirup_ohne_zuckerzusatz_07_ltr.jpg"
          },
          {
            "image_urls": [
              "https://www.edeka24.de/out/pictures/generated/product/1/224_224_90/red_bull_green_edition_kaktusfrucht_025l.jpg"
            ],
            "ItemTitle": "Red Bull Green Edition Kaktusfrucht 0,25L",
            "ItemPrice": "1,29€",
            "ItemUnit": "5,16€/lzzgl.0,25€Pfand",
            "local_image_path": "Lebensmittel/Getränke/red_bull_green_edition_kaktusfrucht_025l.jpg"
          },
          {
            "image_urls": [
              "https://www.edeka24.de/out/pictures/generated/product/1/224_224_90/hohes_c_milder_multivitamin_1l.jpg"
            ],
            "ItemTitle": "Hohes C Milder Multivitamin 1L",
            "ItemPrice": "2,09€",
            "ItemUnit": "2,09€/lzzgl.0,25€Pfand",
            "local_image_path": "Lebensmittel/Getränke/hohes_c_milder_multivitamin_1l.jpg"
          },
          {
            "image_urls": [
              "https://www.edeka24.de/out/pictures/generated/product/1/224_224_90/urus_erdbeer_ananas_zero_05l_dpg.jpg"
            ],
            "ItemTitle": "Urus Erdbeer Ananas Zero 0,5L",
            "ItemPrice": "1,49€",
            "ItemUnit": "2,98€/lzzgl.0,25€Pfand",
            "local_image_path": "Lebensmittel/Getränke/urus_erdbeer_ananas_zero_05l_dpg.jpg"
          },
          {
            "image_urls": [
              "https://www.edeka24.de/out/pictures/generated/product/1/224_224_90/schweppes_dry_tonic_water_1l_mw_pet.jpg"
            ],
            "ItemTitle": "Schweppes Dry Tonic Water 1l",
            "ItemPrice": "1,99€",
            "ItemUnit": "1,99€/lzzgl.0,15€Pfand",
            "local_image_path": "Lebensmittel/Getränke/schweppes_dry_tonic_water_1l_mw_pet.jpg"
          },
          {
            "image_urls": [
              "https://www.edeka24.de/out/pictures/generated/product/1/224_224_90/caprismultivitamin.png"
            ],
            "ItemTitle": "Capri-Sun Multivitamin 10x 0,2L",
            "ItemPrice": "4,49€",
            "ItemUnit": "2,25€/l",
            "local_image_path": "Lebensmittel/Getränke/caprismultivitamin.png"
          },
          {
            "image_urls": [
              "https://www.edeka24.de/out/pictures/generated/product/1/224_224_90/zitronen_t_erfrischungsgetrnk_mit_teeauszgen_und_zitrone_500_ml_packung.jpg"
            ],
            "ItemTitle": "Mein T Zitronen T 0,5L",
            "ItemPrice": "0,79€",
            "ItemUnit": "1,58€/l",
            "local_image_path": "Lebensmittel/Getränke/zitronen_t_erfrischungsgetrnk_mit_teeauszgen_und_zitrone_500_ml_packung.jpg"
          },
          {
            "image_urls": [
              "https://www.edeka24.de/out/pictures/generated/product/1/224_224_90/booster_energy_drink_pomegranate_033l_dpg.jpg"
            ],
            "ItemTitle": "Booster Energdrink Pomegranate 0,33L",
            "ItemPrice": "0,79€",
            "ItemUnit": "2,39€/lzzgl.0,25€Pfand",
            "local_image_path": "Lebensmittel/Getränke/booster_energy_drink_pomegranate_033l_dpg.jpg"
          },
          {
            "image_urls": [
              "https://www.edeka24.de/out/pictures/generated/product/1/224_224_90/fuze_tea_lemon_04l_dpg.jpg"
            ],
            "ItemTitle": "Fuze Tea Lemon 0,4L",
            "ItemPrice": "1,19€",
            "ItemUnit": "2,98€/lzzgl.0,25€Pfand",
            "local_image_path": "Lebensmittel/Getränke/fuze_tea_lemon_04l_dpg.jpg"
          },
          {
            "image_urls": [
              "https://www.edeka24.de/out/pictures/generated/product/1/224_224_90/citrovlim.jpg"
            ],
            "ItemTitle": "Citrovin Limette 200ML",
            "ItemPrice": "0,79€",
            "ItemUnit": "3,95€/l",
            "local_image_path": "Lebensmittel/Getränke/citrovlim.jpg"
          },
          {
            "image_urls": [
              "https://www.edeka24.de/out/pictures/generated/product/1/224_224_90/bio_edeka_kokosnusswasser_330ml.jpg"
            ],
            "ItemTitle": "EDEKA Bio Kokoswasser 330ML",
            "ItemPrice": "1,89€",
            "ItemUnit": "5,73€/l",
            "local_image_path": "Bio-Produkte/Bio Marken/bio_edeka_kokosnusswasser_330ml.jpg"
          },
          {
            "image_urls": [
              "https://www.edeka24.de/out/pictures/generated/product/1/224_224_90/citrovin_zitrone.jpg"
            ],
            "ItemTitle": "Citrovin Zitrone 200ML",
            "ItemPrice": "0,89€",
            "ItemUnit": "4,45€/l",
            "local_image_path": "Lebensmittel/Getränke/citrovin_zitrone.jpg"
          },
          {
            "image_urls": [
              "https://www.edeka24.de/out/pictures/generated/product/1/224_224_90/benediktiner_hell_05l_dpg.jpg"
            ],
            "ItemTitle": "Benediktiner Hell 0,5L",
            "ItemPrice": "1,29€",
            "ItemUnit": "2,58€/lzzgl.0,25€Pfand",
            "local_image_path": "Lebensmittel/Getränke/benediktiner_hell_05l_dpg.jpg"
          },
          {
            "image_urls": [
              "https://www.edeka24.de/out/pictures/generated/product/1/224_224_90/nf_pfirsichtee_500_ml_pk.jpg"
            ],
            "ItemTitle": "Mein T Pfirsich T 0,5L",
            "ItemPrice": "0,79€",
            "ItemUnit": "1,58€/l",
            "local_image_path": "Lebensmittel/Getränke/nf_pfirsichtee_500_ml_pk.jpg"
          },
          {
            "image_urls": [
              "https://www.edeka24.de/out/pictures/generated/product/1/224_224_90/edeka_bio_trauben_saft_1_ltr.jpg"
            ],
            "ItemTitle": "EDEKA Bio Trauben Saft 1L",
            "ItemPrice": "2,39€",
            "ItemUnit": "2,39€/l",
            "local_image_path": "Lebensmittel/Getränke/edeka_bio_trauben_saft_1_ltr.jpg"
          },
          {
            "image_urls": [
              "https://www.edeka24.de/out/pictures/generated/product/1/224_224_90/urus_acai_schwarze_traube_05l_dpg.jpg"
            ],
            "ItemTitle": "Urus Acai schwarze Traube 0,5L",
            "ItemPrice": "1,49€",
            "ItemUnit": "2,98€/lzzgl.0,25€Pfand",
            "local_image_path": "Lebensmittel/Getränke/urus_acai_schwarze_traube_05l_dpg.jpg"
          },
          {
            "image_urls": [
              "https://www.edeka24.de/out/pictures/generated/product/1/224_224_90/amecke_sanfte_sfte_mulitvitamin.jpg"
            ],
            "ItemTitle": "Amecke Sanfte Säfte Multivitamin 1L",
            "ItemPrice": "1,99€",
            "ItemUnit": "1,99€/l",
            "local_image_path": "Lebensmittel/Getränke/amecke_sanfte_sfte_mulitvitamin.jpg"
          },
          {
            "image_urls": [
              "https://www.edeka24.de/out/pictures/generated/product/1/224_224_90/amecke_sanft_mandarine_1l.jpg"
            ],
            "ItemTitle": "Amecke Sanfte Säfte Mandarine-Orange 1L",
            "ItemPrice": "1,99€",
            "ItemUnit": "1,99€/l",
            "local_image_path": "Lebensmittel/Getränke/amecke_sanft_mandarine_1l.jpg"
          },
          {
            "image_urls": [
              "https://www.edeka24.de/out/pictures/generated/product/1/224_224_90/astra_urtyp_05l_dpg.jpg"
            ],
            "ItemTitle": "Astra Urtyp 0,5L",
            "ItemPrice": "0,99€",
            "ItemUnit": "1,98€/lzzgl.0,25€Pfand",
            "local_image_path": "Lebensmittel/Getränke/astra_urtyp_05l_dpg.jpg"
          },
          {
            "image_urls": [
              "https://www.edeka24.de/out/pictures/generated/product/1/224_224_90/bra_tee_zitrone_075l.jpg"
            ],
            "ItemTitle": "BraTee Zitrone 0,75L",
            "ItemPrice": "1,59€",
            "ItemUnit": "2,12€/l",
            "local_image_path": "Lebensmittel/Getränke/bra_tee_zitrone_075l.jpg"
          },
          {
            "image_urls": [
              "https://www.edeka24.de/out/pictures/generated/product/1/224_224_90/hohes_c_milde_orange_1l_dpg.jpg"
            ],
            "ItemTitle": "Hohes C Milde Orange 1L",
            "ItemPrice": "2,09€",
            "ItemUnit": "2,09€/lzzgl.0,25€Pfand",
            "local_image_path": "Lebensmittel/Getränke/hohes_c_milde_orange_1l_dpg.jpg"
          },
          {
            "image_urls": [
              "https://www.edeka24.de/out/pictures/generated/product/1/224_224_90/bra_tee_pfirsich_075l.jpg"
            ],
            "ItemTitle": "BraTee Pfirsich 0,75L",
            "ItemPrice": "1,59€",
            "ItemUnit": "2,12€/l",
            "local_image_path": "Lebensmittel/Getränke/bra_tee_pfirsich_075l.jpg"
          },
          {
            "image_urls": [
              "https://www.edeka24.de/out/pictures/generated/product/1/224_224_90/jever_fun_alkoholfrei_05l_dpg.jpg"
            ],
            "ItemTitle": "Jever Fun alkoholfrei 0,5L",
            "ItemPrice": "1,05€",
            "ItemUnit": "2,10€/lzzgl.0,25€Pfand",
            "local_image_path": "Lebensmittel/Getränke/jever_fun_alkoholfrei_05l_dpg.jpg"
          },
          {
            "image_urls": [
              "https://www.edeka24.de/out/pictures/generated/product/1/224_224_90/alnatura_bio_gemsesaft.jpg"
            ],
            "ItemTitle": "Alnatura Bio Gemüsesaft 0,5L",
            "ItemPrice": "1,59€",
            "ItemUnit": "3,18€/l",
            "local_image_path": "Lebensmittel/Getränke/alnatura_bio_gemsesaft.jpg"
          },
          {
            "image_urls": [
              "https://www.edeka24.de/out/pictures/generated/product/1/224_224_90/erdinger_weiamp223bier_05l_dpg.jpg"
            ],
            "ItemTitle": "Erdinger Weißbier 0,5L",
            "ItemPrice": "1,19€",
            "ItemUnit": "2,38€/lzzgl.0,25€Pfand",
            "local_image_path": "Lebensmittel/Getränke/erdinger_weiamp223bier_05l_dpg.jpg"
          },
          {
            "image_urls": [
              "https://www.edeka24.de/out/pictures/generated/product/1/224_224_90/gamp246sser_naturradler_00_05l_dpg.jpg"
            ],
            "ItemTitle": "Gösser Natur Radler 0,0% alkoholfrei 0,5L",
            "ItemPrice": "1,09€",
            "ItemUnit": "2,18€/lzzgl.0,25€Pfand",
            "local_image_path": "Lebensmittel/Getränke/gamp246sser_naturradler_00_05l_dpg.jpg"
          },
          {
            "image_urls": [
              "https://www.edeka24.de/out/pictures/generated/product/1/224_224_90/mautner_markhof_waldbeere_sirup.jpg"
            ],
            "ItemTitle": "Mautner Markhof Feiner Fruchtsirup Waldbeere 0,7L",
            "ItemPrice": "4,29€",
            "ItemUnit": "6,13€/l",
            "local_image_path": "Lebensmittel/Getränke/mautner_markhof_waldbeere_sirup.jpg"
          },
          {
            "image_urls": [
              "https://www.edeka24.de/out/pictures/generated/product/1/224_224_90/capriskirsch.png"
            ],
            "ItemTitle": "Capri-Sun Kirsch 10x 0,2L",
            "ItemPrice": "4,49€",
            "ItemUnit": "2,25€/l",
            "local_image_path": "Lebensmittel/Getränke/capriskirsch.png"
          },
          {
            "image_urls": [
              "https://www.edeka24.de/out/pictures/generated/product/1/224_224_90/vitrex_mineralwasser_pfirsich_pet_6x_05_ltr(1).jpg"
            ],
            "ItemTitle": "Vitrex Pfirsich 6x 0,5L",
            "ItemPrice": "2,19€",
            "ItemUnit": "0,73€/lzzgl.1,50€Pfand",
            "local_image_path": "Lebensmittel/Getränke/vitrex_mineralwasser_pfirsich_pet_6x_05_ltr(1).jpg"
          },
          {
            "image_urls": [
              "https://www.edeka24.de/out/pictures/generated/product/1/224_224_90/bra_tee_wassermelone_075l.jpg"
            ],
            "ItemTitle": "BraTee Wassermelone 0,75L",
            "ItemPrice": "1,59€",
            "ItemUnit": "2,12€/l",
            "local_image_path": "Lebensmittel/Getränke/bra_tee_wassermelone_075l.jpg"
          },
          {
            "image_urls": [
              "https://www.edeka24.de/out/pictures/generated/product/1/224_224_90/ti_pfefferminzeampampbrombeere_1l_dpg.jpg"
            ],
            "ItemTitle": "Ti Bio Pfefferminze & Brombeere 1L",
            "ItemPrice": "1,69€",
            "ItemUnit": "1,69€/lzzgl.0,25€Pfand",
            "local_image_path": "Lebensmittel/Getränke/ti_pfefferminzeampampbrombeere_1l_dpg.jpg"
          },
          {
            "image_urls": [
              "https://www.edeka24.de/out/pictures/generated/product/1/224_224_90/bio_alnatura_birnensaft_075l.jpg"
            ],
            "ItemTitle": "Bio Alnatura Birnensaft 0,75L",
            "ItemPrice": "2,79€",
            "ItemUnit": "3,72€/l",
            "local_image_path": "Lebensmittel/Getränke/bio_alnatura_birnensaft_075l.jpg"
          },
          {
            "image_urls": [
              "https://www.edeka24.de/out/pictures/generated/product/1/224_224_90/amecke_sanftsaehimjohap1l.jpg"
            ],
            "ItemTitle": "Amecke Sanfte Säfte Himbeer-Johannisbeer-Apfel 1L",
            "ItemPrice": "1,99€",
            "ItemUnit": "1,99€/l",
            "local_image_path": "Lebensmittel/Getränke/amecke_sanftsaehimjohap1l.jpg"
          },
          {
            "image_urls": [
              "https://www.edeka24.de/out/pictures/generated/product/1/224_224_90/booster_juicy_330ml_dose_dpg.jpg"
            ],
            "ItemTitle": "Booster Juicy Energydrink 0,33L",
            "ItemPrice": "0,79€",
            "ItemUnit": "2,39€/lzzgl.0,25€Pfand",
            "local_image_path": "Lebensmittel/Getränke/booster_juicy_330ml_dose_dpg.jpg"
          },
          {
            "image_urls": [
              "https://www.edeka24.de/out/pictures/generated/product/1/224_224_90/red_bull_summer_edition_juneberry_025l_dpg.jpg"
            ],
            "ItemTitle": "Red Bull Summer Edition Juneberry 0,25L",
            "ItemPrice": "1,29€",
            "ItemUnit": "5,16€/lzzgl.0,25€Pfand",
            "local_image_path": "Lebensmittel/Getränke/red_bull_summer_edition_juneberry_025l_dpg.jpg"
          },
          {
            "image_urls": [
              "https://www.edeka24.de/out/pictures/generated/product/1/224_224_90/mautner_markhof_waldmeistersirup_700ml.jpg"
            ],
            "ItemTitle": "Mautner Markhof Getränkesirup Waldmeister 0,7L",
            "ItemPrice": "4,99€",
            "ItemUnit": "7,13€/l",
            "local_image_path": "Lebensmittel/Getränke/mautner_markhof_waldmeistersirup_700ml.jpg"
          },
          {
            "image_urls": [
              "https://www.edeka24.de/out/pictures/generated/product/1/224_224_90/red_bull_energy_drink_alu_12x025l_dpg.jpg"
            ],
            "ItemTitle": "Red Bull Energy Drink 12x 250ML",
            "ItemPrice": "13,99€",
            "ItemUnit": "4,66€/lzzgl.3,00€Pfand",
            "local_image_path": "Lebensmittel/Getränke/red_bull_energy_drink_alu_12x025l_dpg.jpg"
          },
          {
            "image_urls": [
              "https://www.edeka24.de/out/pictures/generated/product/1/224_224_90/ti_gramp252ner_teeampampmango_1l_dpg.jpg"
            ],
            "ItemTitle": "Ti Bio Grüner Tee & Mango 1L",
            "ItemPrice": "1,69€",
            "ItemUnit": "1,69€/lzzgl.0,25€Pfand",
            "local_image_path": "Lebensmittel/Getränke/ti_gramp252ner_teeampampmango_1l_dpg.jpg"
          },
          {
            "image_urls": [
              "https://www.edeka24.de/out/pictures/generated/product/1/224_224_90/monsterpacific_punch_05l_dpg.jpg"
            ],
            "ItemTitle": "Monster Energydrink Pacific Punch 0,5L",
            "ItemPrice": "1,59€",
            "ItemUnit": "3,18€/lzzgl.0,25€Pfand",
            "local_image_path": "Lebensmittel/Getränke/monsterpacific_punch_05l_dpg.jpg"
          },
          {
            "image_urls": [
              "https://www.edeka24.de/out/pictures/generated/product/1/224_224_90/guinness_draught_mit_floating_widget_dose.jpg"
            ],
            "ItemTitle": "Guinness Draught mit Floating Widget Dose 4x 0,44L",
            "ItemPrice": "6,49€",
            "ItemUnit": "3,69€/lzzgl.1,00€Pfand",
            "local_image_path": "Lebensmittel/Getränke/guinness_draught_mit_floating_widget_dose.jpg"
          },
          {
            "image_urls": [
              "https://www.edeka24.de/out/pictures/generated/product/1/224_224_90/meint_multivitamint_05l_ew.jpg"
            ],
            "ItemTitle": "Mein T Multivitamin T 0,5L",
            "ItemPrice": "0,79€",
            "ItemUnit": "1,58€/l",
            "local_image_path": "Lebensmittel/Getränke/meint_multivitamint_05l_ew.jpg"
          },
          {
            "image_urls": [
              "https://www.edeka24.de/out/pictures/generated/product/1/224_224_90/capri_sun_bubbles_himbeere_033l_dpg.jpg"
            ],
            "ItemTitle": "Capri-Sun & Bubbles Himbeere 0,33L",
            "ItemPrice": "0,99€",
            "ItemUnit": "3,00€/lzzgl.0,25€Pfand",
            "local_image_path": "Lebensmittel/Getränke/capri_sun_bubbles_himbeere_033l_dpg.jpg"
          },
          {
            "image_urls": [
              "https://www.edeka24.de/out/pictures/generated/product/1/224_224_90/urus_kiwi_limette_apfel_05l_dpg.jpg"
            ],
            "ItemTitle": "Urus Kiwi Limette Apfel 0,5L",
            "ItemPrice": "1,49€",
            "ItemUnit": "2,98€/lzzgl.0,25€Pfand",
            "local_image_path": "Lebensmittel/Getränke/urus_kiwi_limette_apfel_05l_dpg.jpg"
          },
          {
            "image_urls": [
              "https://www.edeka24.de/out/pictures/generated/product/1/224_224_90/red_bull_energy_drink_blue_edition.jpg"
            ],
            "ItemTitle": "Red Bull Blue Edition 250ML",
            "ItemPrice": "1,29€",
            "ItemUnit": "5,16€/lzzgl.0,25€Pfand",
            "local_image_path": "Lebensmittel/Getränke/red_bull_energy_drink_blue_edition.jpg"
          },
          {
            "image_urls": [
              "https://www.edeka24.de/out/pictures/generated/product/1/224_224_90/hohesceisen(1).jpg"
            ],
            "ItemTitle": "Hohes C Plus Eisen 1L",
            "ItemPrice": "2,09€",
            "ItemUnit": "2,09€/lzzgl.0,25€Pfand",
            "local_image_path": "Bio-Produkte/Getränke von Alnatura/hohesceisen(1).jpg"
          },
          {
            "image_urls": [
              "https://www.edeka24.de/out/pictures/generated/product/1/224_224_90/kirschzitronen_t_erfrischungsgetrnk_mit_teeauszgen_und_kirschzitrone.jpg"
            ],
            "ItemTitle": "Mein T Kirsch-Zitrone T 0,5L",
            "ItemPrice": "0,79€",
            "ItemUnit": "1,58€/l",
            "local_image_path": "Lebensmittel/Getränke/kirschzitronen_t_erfrischungsgetrnk_mit_teeauszgen_und_kirschzitrone.jpg"
          },
          {
            "image_urls": [
              "https://www.edeka24.de/out/pictures/generated/product/1/224_224_90/rbzestlem.jpg"
            ],
            "ItemTitle": "Red Bull Bio Organics Easy Lemon 250ML",
            "ItemPrice": "1,29€",
            "ItemUnit": "5,16€/lzzgl.0,25€Pfand",
            "local_image_path": "Wein/ Spirituosen/Spirituosen/highland_park_18_jahre_single_malt_whisky.jpg"
          },
          {
            "image_urls": [
              "https://www.edeka24.de/out/pictures/generated/product/1/224_224_90/capriselfentrank.png"
            ],
            "ItemTitle": "Capri-Sun Elfentrank 10x 0,2L",
            "ItemPrice": "4,49€",
            "ItemUnit": "2,25€/l",
            "local_image_path": "Lebensmittel/Getränke/capriselfentrank.png"
          },
          {
            "image_urls": [
              "https://www.edeka24.de/out/pictures/generated/product/1/224_224_90/monster_pipeline_punch_05l_dpg.jpg"
            ],
            "ItemTitle": "Monster Energydrink Pipeline Punch 0,5L",
            "ItemPrice": "1,59€",
            "ItemUnit": "3,18€/lzzgl.0,25€Pfand",
            "local_image_path": "Lebensmittel/Getränke/monster_pipeline_punch_05l_dpg.jpg"
          },
          {
            "image_urls": [
              "https://www.edeka24.de/out/pictures/generated/product/1/224_224_90/desperados_dose.jpg"
            ],
            "ItemTitle": "Desperados Tequila Flavoured Beer 0,5L",
            "ItemPrice": "2,29€",
            "ItemUnit": "4,58€/lzzgl.0,25€Pfand",
            "local_image_path": "Lebensmittel/Getränke/desperados_dose.jpg"
          },
          {
            "image_urls": [
              "https://www.edeka24.de/out/pictures/generated/product/1/224_224_90/bitburger_00_alkoholfrei_05l_dpg.jpg"
            ],
            "ItemTitle": "Bitburger 0,0% Alkoholfrei 0,5L",
            "ItemPrice": "1,05€",
            "ItemUnit": "2,10€/lzzgl.0,25€Pfand",
            "local_image_path": "Lebensmittel/Getränke/bitburger_00_alkoholfrei_05l_dpg.jpg"
          },
          {
            "image_urls": [
              "https://www.edeka24.de/out/pictures/generated/product/1/224_224_90/bratee_granatapfel_075l.jpg"
            ],
            "ItemTitle": "BraTee Granatapfel 0,75L",
            "ItemPrice": "1,59€",
            "ItemUnit": "2,12€/l",
            "local_image_path": "Lebensmittel/Getränke/bratee_granatapfel_075l.jpg"
          },
          {
            "image_urls": [
              "https://www.edeka24.de/out/pictures/generated/product/1/224_224_90/becpildos.jpg"
            ],
            "ItemTitle": "Becks Pils 0,5L",
            "ItemPrice": "1,19€",
            "ItemUnit": "2,38€/lzzgl.0,25€Pfand",
            "local_image_path": "Lebensmittel/Getränke/becpildos.jpg"
          },
          {
            "image_urls": [
              "https://www.edeka24.de/out/pictures/generated/product/1/224_224_90/nf_wildbeerentee_500_ml_pk.jpg"
            ],
            "ItemTitle": "Mein T Wildbeeren T 0,5L",
            "ItemPrice": "0,79€",
            "ItemUnit": "1,58€/l",
            "local_image_path": "Lebensmittel/Getränke/nf_wildbeerentee_500_ml_pk.jpg"
          },
          {
            "image_urls": [
              "https://www.edeka24.de/out/pictures/generated/product/1/224_224_90/bitburger_pils_05l_dpg.jpg"
            ],
            "ItemTitle": "Bitburger Pils 0,5L",
            "ItemPrice": "1,05€",
            "ItemUnit": "2,10€/lzzgl.0,25€Pfand",
            "local_image_path": "Wein/ Spirituosen/Spirituosen/highland_park_18_jahre_single_malt_whisky.jpg"
          },
          {
            "image_urls": [
              "https://www.edeka24.de/out/pictures/generated/product/1/224_224_90/wassermelonent.jpg"
            ],
            "ItemTitle": "Mein T Wassermelonen T 0,5L",
            "ItemPrice": "0,79€",
            "ItemUnit": "1,58€/l",
            "local_image_path": "Lebensmittel/Getränke/wassermelonent.jpg"
          },
          {
            "image_urls": [
              "https://www.edeka24.de/out/pictures/generated/product/1/224_224_90/booster_absolzero_033l_dpg.jpg"
            ],
            "ItemTitle": "Booster Absolute Zero Energydrink 0,33L",
            "ItemPrice": "0,79€",
            "ItemUnit": "2,39€/lzzgl.0,25€Pfand",
            "local_image_path": "Lebensmittel/Getränke/booster_absolzero_033l_dpg.jpg"
          },
          {
            "image_urls": [
              "https://www.edeka24.de/out/pictures/generated/product/1/224_224_90/schoefferhofer-weizen-mix-dose.jpg"
            ],
            "ItemTitle": "Schöfferhofer Weizen-Mix Grapefruit 0,5L",
            "ItemPrice": "1,09€",
            "ItemUnit": "2,18€/lzzgl.0,25€Pfand",
            "local_image_path": "Lebensmittel/Getränke/schoefferhofer-weizen-mix-dose.jpg"
          },
          {
            "image_urls": [
              "https://www.edeka24.de/out/pictures/generated/product/1/224_224_90/red_bull_bio_organics_simply_cola_025l.jpg"
            ],
            "ItemTitle": "Red Bull Bio Organics Simply Cola 250ML",
            "ItemPrice": "1,29€",
            "ItemUnit": "5,16€/lzzgl.0,25€Pfand",
            "local_image_path": "Lebensmittel/Getränke/red_bull_bio_organics_simply_cola_025l.jpg"
          },
          {
            "image_urls": [
              "https://www.edeka24.de/out/pictures/generated/product/1/224_224_90/fantao4er.jpg"
            ],
            "ItemTitle": "Fanta Orange 4x 330ML",
            "ItemPrice": "3,39€",
            "ItemUnit": "2,57€/lzzgl.1,00€Pfand",
            "local_image_path": "Lebensmittel/Getränke/fantao4er.jpg"
          },
          {
            "image_urls": [
              "https://www.edeka24.de/out/pictures/generated/product/1/224_224_90/jever_pilsener_dose_05_ltr.jpg"
            ],
            "ItemTitle": "Jever Pilsener 0,5L",
            "ItemPrice": "1,05€",
            "ItemUnit": "2,10€/lzzgl.0,25€Pfand",
            "local_image_path": "Wein/ Spirituosen/Spirituosen/highland_park_18_jahre_single_malt_whisky.jpg"
          },
          {
            "image_urls": [
              "https://www.edeka24.de/out/pictures/generated/product/1/224_224_90/red_bull_4x025l_dose.jpg"
            ],
            "ItemTitle": "Red Bull Energy Drink 4x 250ML",
            "ItemPrice": "5,49€",
            "ItemUnit": "5,49€/lzzgl.1,00€Pfand",
            "local_image_path": "Lebensmittel/Getränke/red_bull_4x025l_dose.jpg"
          },
          {
            "image_urls": [
              "https://www.edeka24.de/out/pictures/generated/product/1/224_224_90/mautner-sirup-holunderblte-700-ml.jpg"
            ],
            "ItemTitle": "Mautner Markhof Feiner Blütesirup Holunderblüte 0,7L",
            "ItemPrice": "4,79€",
            "ItemUnit": "6,84€/l",
            "local_image_path": "Wein/ Spirituosen/Spirituosen/highland_park_18_jahre_single_malt_whisky.jpg"
          },
          {
            "image_urls": [
              "https://www.edeka24.de/out/pictures/generated/product/1/224_224_90/karlsberg_mixery_biermix_05l.jpg"
            ],
            "ItemTitle": "Karlsberg Mixery Biermix 0,5L",
            "ItemPrice": "1,19€",
            "ItemUnit": "2,38€/lzzgl.0,25€Pfand",
            "local_image_path": "Lebensmittel/Getränke/karlsberg_mixery_biermix_05l.jpg"
          },
          {
            "image_urls": [
              "https://www.edeka24.de/out/pictures/generated/product/1/224_224_90/red_bull_summer_edition_juneberry_025l_dpg.jpg"
            ],
            "ItemTitle": "Red Bull Summer Edition Juneberry 0,25L",
            "ItemPrice": "1,29€",
            "ItemUnit": "5,16€/lzzgl.0,25€Pfand",
            "local_image_path": "Lebensmittel/Getränke/red_bull_summer_edition_juneberry_025l_dpg.jpg"
          },
          {
            "image_urls": [
              "https://www.edeka24.de/out/pictures/generated/product/1/224_224_90/mautner_markhof_waldmeistersirup_700ml.jpg"
            ],
            "ItemTitle": "Mautner Markhof Getränkesirup Waldmeister 0,7L",
            "ItemPrice": "4,99€",
            "ItemUnit": "7,13€/l",
            "local_image_path": "Lebensmittel/Getränke/mautner_markhof_waldmeistersirup_700ml.jpg"
          },
          {
            "image_urls": [
              "https://www.edeka24.de/out/pictures/generated/product/1/224_224_90/red_bull_energy_drink_alu_12x025l_dpg.jpg"
            ],
            "ItemTitle": "Red Bull Energy Drink 12x 250ML",
            "ItemPrice": "13,99€",
            "ItemUnit": "4,66€/lzzgl.3,00€Pfand",
            "local_image_path": "Lebensmittel/Getränke/red_bull_energy_drink_alu_12x025l_dpg.jpg"
          },
          {
            "image_urls": [
              "https://www.edeka24.de/out/pictures/generated/product/1/224_224_90/ti_gramp252ner_teeampampmango_1l_dpg.jpg"
            ],
            "ItemTitle": "Ti Bio Grüner Tee & Mango 1L",
            "ItemPrice": "1,69€",
            "ItemUnit": "1,69€/lzzgl.0,25€Pfand",
            "local_image_path": "Lebensmittel/Getränke/ti_gramp252ner_teeampampmango_1l_dpg.jpg"
          },
          {
            "image_urls": [
              "https://www.edeka24.de/out/pictures/generated/product/1/224_224_90/monsterpacific_punch_05l_dpg.jpg"
            ],
            "ItemTitle": "Monster Energydrink Pacific Punch 0,5L",
            "ItemPrice": "1,59€",
            "ItemUnit": "3,18€/lzzgl.0,25€Pfand",
            "local_image_path": "Lebensmittel/Getränke/monsterpacific_punch_05l_dpg.jpg"
          },
          {
            "image_urls": [
              "https://www.edeka24.de/out/pictures/generated/product/1/224_224_90/guinness_draught_mit_floating_widget_dose.jpg"
            ],
            "ItemTitle": "Guinness Draught mit Floating Widget Dose 4x 0,44L",
            "ItemPrice": "6,49€",
            "ItemUnit": "3,69€/lzzgl.1,00€Pfand",
            "local_image_path": "Lebensmittel/Getränke/guinness_draught_mit_floating_widget_dose.jpg"
          },
          {
            "image_urls": [
              "https://www.edeka24.de/out/pictures/generated/product/1/224_224_90/meint_multivitamint_05l_ew.jpg"
            ],
            "ItemTitle": "Mein T Multivitamin T 0,5L",
            "ItemPrice": "0,79€",
            "ItemUnit": "1,58€/l",
            "local_image_path": "Lebensmittel/Getränke/meint_multivitamint_05l_ew.jpg"
          },
          {
            "image_urls": [
              "https://www.edeka24.de/out/pictures/generated/product/1/224_224_90/capri_sun_bubbles_himbeere_033l_dpg.jpg"
            ],
            "ItemTitle": "Capri-Sun & Bubbles Himbeere 0,33L",
            "ItemPrice": "0,99€",
            "ItemUnit": "3,00€/lzzgl.0,25€Pfand",
            "local_image_path": "Lebensmittel/Getränke/capri_sun_bubbles_himbeere_033l_dpg.jpg"
          },
          {
            "image_urls": [
              "https://www.edeka24.de/out/pictures/generated/product/1/224_224_90/urus_kiwi_limette_apfel_05l_dpg.jpg"
            ],
            "ItemTitle": "Urus Kiwi Limette Apfel 0,5L",
            "ItemPrice": "1,49€",
            "ItemUnit": "2,98€/lzzgl.0,25€Pfand",
            "local_image_path": "Lebensmittel/Getränke/urus_kiwi_limette_apfel_05l_dpg.jpg"
          },
          {
            "image_urls": [
              "https://www.edeka24.de/out/pictures/generated/product/1/224_224_90/red_bull_energy_drink_blue_edition.jpg"
            ],
            "ItemTitle": "Red Bull Blue Edition 250ML",
            "ItemPrice": "1,29€",
            "ItemUnit": "5,16€/lzzgl.0,25€Pfand",
            "local_image_path": "Lebensmittel/Getränke/red_bull_energy_drink_blue_edition.jpg"
          },
          {
            "image_urls": [
              "https://www.edeka24.de/out/pictures/generated/product/1/224_224_90/hohesceisen(1).jpg"
            ],
            "ItemTitle": "Hohes C Plus Eisen 1L",
            "ItemPrice": "2,09€",
            "ItemUnit": "2,09€/lzzgl.0,25€Pfand",
            "local_image_path": "Bio-Produkte/Getränke von Alnatura/hohesceisen(1).jpg"
          },
          {
            "image_urls": [
              "https://www.edeka24.de/out/pictures/generated/product/1/224_224_90/kirschzitronen_t_erfrischungsgetrnk_mit_teeauszgen_und_kirschzitrone.jpg"
            ],
            "ItemTitle": "Mein T Kirsch-Zitrone T 0,5L",
            "ItemPrice": "0,79€",
            "ItemUnit": "1,58€/l",
            "local_image_path": "Lebensmittel/Getränke/kirschzitronen_t_erfrischungsgetrnk_mit_teeauszgen_und_kirschzitrone.jpg"
          },
          {
            "image_urls": [
              "https://www.edeka24.de/out/pictures/generated/product/1/224_224_90/rbzestlem.jpg"
            ],
            "ItemTitle": "Red Bull Bio Organics Easy Lemon 250ML",
            "ItemPrice": "1,29€",
            "ItemUnit": "5,16€/lzzgl.0,25€Pfand",
            "local_image_path": "Wein/ Spirituosen/Spirituosen/highland_park_18_jahre_single_malt_whisky.jpg"
          },
          {
            "image_urls": [
              "https://www.edeka24.de/out/pictures/generated/product/1/224_224_90/capriselfentrank.png"
            ],
            "ItemTitle": "Capri-Sun Elfentrank 10x 0,2L",
            "ItemPrice": "4,49€",
            "ItemUnit": "2,25€/l",
            "local_image_path": "Lebensmittel/Getränke/capriselfentrank.png"
          },
          {
            "image_urls": [
              "https://www.edeka24.de/out/pictures/generated/product/1/224_224_90/monster_pipeline_punch_05l_dpg.jpg"
            ],
            "ItemTitle": "Monster Energydrink Pipeline Punch 0,5L",
            "ItemPrice": "1,59€",
            "ItemUnit": "3,18€/lzzgl.0,25€Pfand",
            "local_image_path": "Lebensmittel/Getränke/monster_pipeline_punch_05l_dpg.jpg"
          },
          {
            "image_urls": [
              "https://www.edeka24.de/out/pictures/generated/product/1/224_224_90/desperados_dose.jpg"
            ],
            "ItemTitle": "Desperados Tequila Flavoured Beer 0,5L",
            "ItemPrice": "2,29€",
            "ItemUnit": "4,58€/lzzgl.0,25€Pfand",
            "local_image_path": "Lebensmittel/Getränke/desperados_dose.jpg"
          },
          {
            "image_urls": [
              "https://www.edeka24.de/out/pictures/generated/product/1/224_224_90/bitburger_00_alkoholfrei_05l_dpg.jpg"
            ],
            "ItemTitle": "Bitburger 0,0% Alkoholfrei 0,5L",
            "ItemPrice": "1,05€",
            "ItemUnit": "2,10€/lzzgl.0,25€Pfand",
            "local_image_path": "Lebensmittel/Getränke/bitburger_00_alkoholfrei_05l_dpg.jpg"
          },
          {
            "image_urls": [
              "https://www.edeka24.de/out/pictures/generated/product/1/224_224_90/bratee_granatapfel_075l.jpg"
            ],
            "ItemTitle": "BraTee Granatapfel 0,75L",
            "ItemPrice": "1,59€",
            "ItemUnit": "2,12€/l",
            "local_image_path": "Lebensmittel/Getränke/bratee_granatapfel_075l.jpg"
          },
          {
            "image_urls": [
              "https://www.edeka24.de/out/pictures/generated/product/1/224_224_90/becpildos.jpg"
            ],
            "ItemTitle": "Becks Pils 0,5L",
            "ItemPrice": "1,19€",
            "ItemUnit": "2,38€/lzzgl.0,25€Pfand",
            "local_image_path": "Lebensmittel/Getränke/becpildos.jpg"
          },
          {
            "image_urls": [
              "https://www.edeka24.de/out/pictures/generated/product/1/224_224_90/nf_wildbeerentee_500_ml_pk.jpg"
            ],
            "ItemTitle": "Mein T Wildbeeren T 0,5L",
            "ItemPrice": "0,79€",
            "ItemUnit": "1,58€/l",
            "local_image_path": "Lebensmittel/Getränke/nf_wildbeerentee_500_ml_pk.jpg"
          },
          {
            "image_urls": [
              "https://www.edeka24.de/out/pictures/generated/product/1/224_224_90/bitburger_pils_05l_dpg.jpg"
            ],
            "ItemTitle": "Bitburger Pils 0,5L",
            "ItemPrice": "1,05€",
            "ItemUnit": "2,10€/lzzgl.0,25€Pfand",
            "local_image_path": "Wein/ Spirituosen/Spirituosen/highland_park_18_jahre_single_malt_whisky.jpg"
          },
          {
            "image_urls": [
              "https://www.edeka24.de/out/pictures/generated/product/1/224_224_90/wassermelonent.jpg"
            ],
            "ItemTitle": "Mein T Wassermelonen T 0,5L",
            "ItemPrice": "0,79€",
            "ItemUnit": "1,58€/l",
            "local_image_path": "Lebensmittel/Getränke/wassermelonent.jpg"
          },
          {
            "image_urls": [
              "https://www.edeka24.de/out/pictures/generated/product/1/224_224_90/booster_absolzero_033l_dpg.jpg"
            ],
            "ItemTitle": "Booster Absolute Zero Energydrink 0,33L",
            "ItemPrice": "0,79€",
            "ItemUnit": "2,39€/lzzgl.0,25€Pfand",
            "local_image_path": "Lebensmittel/Getränke/booster_absolzero_033l_dpg.jpg"
          },
          {
            "image_urls": [
              "https://www.edeka24.de/out/pictures/generated/product/1/224_224_90/schoefferhofer-weizen-mix-dose.jpg"
            ],
            "ItemTitle": "Schöfferhofer Weizen-Mix Grapefruit 0,5L",
            "ItemPrice": "1,09€",
            "ItemUnit": "2,18€/lzzgl.0,25€Pfand",
            "local_image_path": "Lebensmittel/Getränke/schoefferhofer-weizen-mix-dose.jpg"
          },
          {
            "image_urls": [
              "https://www.edeka24.de/out/pictures/generated/product/1/224_224_90/red_bull_bio_organics_simply_cola_025l.jpg"
            ],
            "ItemTitle": "Red Bull Bio Organics Simply Cola 250ML",
            "ItemPrice": "1,29€",
            "ItemUnit": "5,16€/lzzgl.0,25€Pfand",
            "local_image_path": "Lebensmittel/Getränke/red_bull_bio_organics_simply_cola_025l.jpg"
          },
          {
            "image_urls": [
              "https://www.edeka24.de/out/pictures/generated/product/1/224_224_90/fantao4er.jpg"
            ],
            "ItemTitle": "Fanta Orange 4x 330ML",
            "ItemPrice": "3,39€",
            "ItemUnit": "2,57€/lzzgl.1,00€Pfand",
            "local_image_path": "Lebensmittel/Getränke/fantao4er.jpg"
          },
          {
            "image_urls": [
              "https://www.edeka24.de/out/pictures/generated/product/1/224_224_90/jever_pilsener_dose_05_ltr.jpg"
            ],
            "ItemTitle": "Jever Pilsener 0,5L",
            "ItemPrice": "1,05€",
            "ItemUnit": "2,10€/lzzgl.0,25€Pfand",
            "local_image_path": "Wein/ Spirituosen/Spirituosen/highland_park_18_jahre_single_malt_whisky.jpg"
          },
          {
            "image_urls": [
              "https://www.edeka24.de/out/pictures/generated/product/1/224_224_90/red_bull_4x025l_dose.jpg"
            ],
            "ItemTitle": "Red Bull Energy Drink 4x 250ML",
            "ItemPrice": "5,49€",
            "ItemUnit": "5,49€/lzzgl.1,00€Pfand",
            "local_image_path": "Lebensmittel/Getränke/red_bull_4x025l_dose.jpg"
          },
          {
            "image_urls": [
              "https://www.edeka24.de/out/pictures/generated/product/1/224_224_90/mautner-sirup-holunderblte-700-ml.jpg"
            ],
            "ItemTitle": "Mautner Markhof Feiner Blütesirup Holunderblüte 0,7L",
            "ItemPrice": "4,79€",
            "ItemUnit": "6,84€/l",
            "local_image_path": "Wein/ Spirituosen/Spirituosen/highland_park_18_jahre_single_malt_whisky.jpg"
          },
          {
            "image_urls": [
              "https://www.edeka24.de/out/pictures/generated/product/1/224_224_90/karlsberg_mixery_biermix_05l.jpg"
            ],
            "ItemTitle": "Karlsberg Mixery Biermix 0,5L",
            "ItemPrice": "1,19€",
            "ItemUnit": "2,38€/lzzgl.0,25€Pfand",
            "local_image_path": "Lebensmittel/Getränke/karlsberg_mixery_biermix_05l.jpg"
          },
          {
            "image_urls": [
              "https://www.edeka24.de/out/pictures/generated/product/1/224_224_90/sanbitter_98cl_ew.jpg"
            ],
            "ItemTitle": "Sanbitter Aperitif 6x 98ML",
            "ItemPrice": "4,79€",
            "ItemUnit": "8,15€/l",
            "local_image_path": "Lebensmittel/Getränke/sanbitter_98cl_ew.jpg"
          },
          {
            "image_urls": [
              "https://www.edeka24.de/out/pictures/generated/product/1/224_224_90/swiss_cannabis_ice_tea_250_ml.jpg"
            ],
            "ItemTitle": "CSwiss The Original Cannabis Ice Tea 250ML",
            "ItemPrice": "1,49€",
            "ItemUnit": "5,96€/l",
            "local_image_path": "Wein/ Spirituosen/Spirituosen/highland_park_18_jahre_single_malt_whisky.jpg"
          },
          {
            "image_urls": [
              "https://www.edeka24.de/out/pictures/generated/product/1/224_224_90/stuttgarter_hofbramp228u_naturradler_05l_dpg.jpg"
            ],
            "ItemTitle": "Stuttgarter Hofbräu Naturtrübes Radler 0,5L",
            "ItemPrice": "0,99€",
            "ItemUnit": "1,98€/lzzgl.0,25€Pfand",
            "local_image_path": "Wein/ Spirituosen/Spirituosen/highland_park_18_jahre_single_malt_whisky.jpg"
          },
          {
            "image_urls": [
              "https://www.edeka24.de/out/pictures/generated/product/1/224_224_90/balistiki.jpg"
            ],
            "ItemTitle": "Balis Tiki Ananas Minze Drink 0,25L MHD 09.2023",
            "ItemSalePrice": "0,69€",
            "ItemUnit": "2,76€/lzzgl.0,25€Pfand",
            "local_image_path": "Lebensmittel/Getränke/balistiki.jpg"
          },
          {
            "image_urls": [
              "https://www.edeka24.de/out/pictures/generated/product/1/224_224_90/caprisorange.png"
            ],
            "ItemTitle": "Capri-Sun Orange 10x 0,2L",
            "ItemPrice": "4,49€",
            "ItemUnit": "2,25€/l",
            "local_image_path": "Wein/ Spirituosen/Spirituosen/highland_park_18_jahre_single_malt_whisky.jpg"
          },
          {
            "image_urls": [
              "https://www.edeka24.de/out/pictures/generated/product/1/224_224_90/fz_sued_orangentee_500_ml.jpg"
            ],
            "ItemTitle": "Mein T Orangen T 0,5L",
            "ItemPrice": "0,79€",
            "ItemUnit": "1,58€/l",
            "local_image_path": "Lebensmittel/Getränke/fz_sued_orangentee_500_ml.jpg"
          },
          {
            "image_urls": [
              "https://www.edeka24.de/out/pictures/generated/product/1/224_224_90/paulaner_hefeweibier_naturtrb_dose_05_ltr.jpg"
            ],
            "ItemTitle": "Paulaner Hefeweißbier naturtrüb 0,5l",
            "ItemPrice": "1,09€",
            "ItemUnit": "2,18€/lzzgl.0,25€Pfand",
            "local_image_path": "Lebensmittel/Getränke/paulaner_hefeweibier_naturtrb_dose_05_ltr.jpg"
          },
          {
            "image_urls": [
              "https://www.edeka24.de/out/pictures/generated/product/1/224_224_90/fuze_green_tea_limemint_04l_dpg.jpg"
            ],
            "ItemTitle": "Fuze Green Tea Lime-Mint 0,4L",
            "ItemPrice": "1,19€",
            "ItemUnit": "2,98€/lzzgl.0,25€Pfand",
            "local_image_path": "Lebensmittel/Getränke/fuze_green_tea_limemint_04l_dpg.jpg"
          },
          {
            "image_urls": [
              "https://www.edeka24.de/out/pictures/generated/product/1/224_224_90/red_bull_energy_6x025l_dpg.jpg"
            ],
            "ItemTitle": "Red Bull Energy 6x 250ML",
            "ItemPrice": "7,29€",
            "ItemUnit": "4,86€/lzzgl.1,50€Pfand",
            "local_image_path": "Lebensmittel/Getränke/red_bull_energy_6x025l_dpg.jpg"
          },
          {
            "image_urls": [
              "https://www.edeka24.de/out/pictures/generated/product/1/224_224_90/alnatura_bio_frhstckssaft.jpg"
            ],
            "ItemTitle": "Alnatura Bio Frühstückssaft 0,75L",
            "ItemPrice": "2,79€",
            "ItemUnit": "3,72€/l",
            "local_image_path": "Bio-Produkte/Getränke von Alnatura/alnatura_bio_frhstckssaft.jpg"
          },
          {
            "image_urls": [
              "https://www.edeka24.de/out/pictures/generated/product/1/224_224_90/11_heineken_can_33cltactile.jpg-windows-fotoanzeige_2013-01-31_10-58-49.jpg"
            ],
            "ItemTitle": "Heineken Lager Beer Dose 0,33L",
            "ItemPrice": "1,29€",
            "ItemUnit": "3,91€/lzzgl.0,25€Pfand",
            "local_image_path": "Wein/ Spirituosen/Spirituosen/highland_park_18_jahre_single_malt_whisky.jpg"
          },
          {
            "image_urls": [
              "https://www.edeka24.de/out/pictures/generated/product/1/224_224_90/demeter_voelkel_italienischer_merlot_traubensaft_rot_07l_mw.jpg"
            ],
            "ItemTitle": "Voelkel Demeter italienischer Merlot Traubensaft rot 0,7L",
            "ItemPrice": "3,49€",
            "ItemUnit": "4,99€/lzzgl.0,15€Pfand",
            "local_image_path": "Lebensmittel/Getränke/demeter_voelkel_italienischer_merlot_traubensaft_rot_07l_mw.jpg"
          },
          {
            "image_urls": [
              "https://www.edeka24.de/out/pictures/generated/product/1/224_224_90/vitvathim.jpg"
            ],
            "ItemTitle": "Vitavate Himbeere 0,5L",
            "ItemPrice": "1,29€",
            "ItemUnit": "2,58€/lzzgl.0,25€Pfand",
            "local_image_path": "Lebensmittel/Getränke/vitvathim.jpg"
          },
          {
            "image_urls": [
              "https://www.edeka24.de/out/pictures/generated/product/1/224_224_90/monin_sirup_karamel_250ml.jpg"
            ],
            "ItemTitle": "Monin Sirup Karamell 250ML",
            "ItemPrice": "4,39€",
            "ItemUnit": "17,56€/l",
            "local_image_path": "Lebensmittel/Getränke/monin_sirup_karamel_250ml.jpg"
          },
          {
            "image_urls": [
              "https://www.edeka24.de/out/pictures/generated/product/1/224_224_90/amecke_sanfte_sfte_apfel_klar_filtriert.jpg"
            ],
            "ItemTitle": "Amecke Sanfte Säfte Apfel naturtrüb 1L",
            "ItemPrice": "1,99€",
            "ItemUnit": "1,99€/l",
            "local_image_path": "Lebensmittel/Getränke/amecke_sanfte_sfte_apfel_klar_filtriert.jpg"
          },
          {
            "image_urls": [
              "https://www.edeka24.de/out/pictures/generated/product/1/224_224_90/darbo_himbeer_sirup_05_ltr.jpg"
            ],
            "ItemTitle": "Darbo Himbeer Sirup 0,5L",
            "ItemPrice": "9,49€",
            "ItemUnit": "18,98€/l",
            "local_image_path": "Lebensmittel/Getränke/darbo_himbeer_sirup_05_ltr.jpg"
          },
          {
            "image_urls": [
              "https://www.edeka24.de/out/pictures/generated/product/1/224_224_90/orangina_rouge_mit_fruchtfleisch_pet_6x500ml.jpg"
            ],
            "ItemTitle": "Orangina Rouge mit Fruchtfleisch 6x 0,5L",
            "ItemPrice": "8,94€",
            "ItemUnit": "2,98€/lzzgl.1,50€Pfand",
            "local_image_path": "Lebensmittel/Getränke/orangina_rouge_mit_fruchtfleisch_pet_6x500ml.jpg"
          },
          {
            "image_urls": [
              "https://www.edeka24.de/out/pictures/generated/product/1/224_224_90/edeka_rio_grande_kurtraubensaft_rot.jpg"
            ],
            "ItemTitle": "EDEKA Roter Kur-Traubensaft 0,75L",
            "ItemPrice": "1,99€",
            "ItemUnit": "2,65€/l",
            "local_image_path": "Lebensmittel/Getränke/edeka_rio_grande_kurtraubensaft_rot.jpg"
          },
          {
            "image_urls": [
              "https://www.edeka24.de/out/pictures/generated/product/1/224_224_90/monster_nitro_super_dry_05l_dpg.jpg"
            ],
            "ItemTitle": "Monster Energydrink Nitro Super Dry 0,5L",
            "ItemPrice": "1,59€",
            "ItemUnit": "3,18€/lzzgl.0,25€Pfand",
            "local_image_path": "Wein/ Spirituosen/Spirituosen/highland_park_18_jahre_single_malt_whisky.jpg"
          },
          {
            "image_urls": [
              "https://www.edeka24.de/out/pictures/generated/product/1/224_224_90/darbo_holunderbltensirup_05_ltr.jpg"
            ],
            "ItemTitle": "Darbo Holunderblütensirup 0,5L",
            "ItemPrice": "8,49€",
            "ItemUnit": "16,98€/l",
            "local_image_path": "Lebensmittel/Getränke/darbo_holunderbltensirup_05_ltr.jpg"
          },
          {
            "image_urls": [
              "https://www.edeka24.de/out/pictures/generated/product/1/224_224_90/demeter_voelkel_zitrone_ingwer_02l_ew.jpg"
            ],
            "ItemTitle": "Voelkel Demeter Zitrone Ingwer 200ML",
            "ItemPrice": "3,79€",
            "ItemUnit": "18,95€/l",
            "local_image_path": "Lebensmittel/Getränke/demeter_voelkel_zitrone_ingwer_02l_ew.jpg"
          },
          {
            "image_urls": [
              "https://www.edeka24.de/out/pictures/generated/product/1/224_224_90/bitburger_radler_05l_dpg.jpg"
            ],
            "ItemTitle": "Bitburger Radler 0,5L",
            "ItemPrice": "1,05€",
            "ItemUnit": "2,10€/lzzgl.0,25€Pfand",
            "local_image_path": "Lebensmittel/Getränke/bitburger_radler_05l_dpg.jpg"
          },
          {
            "image_urls": [
              "https://www.edeka24.de/out/pictures/generated/product/1/224_224_90/sugar_mami_granatapfel_erdbeere_033l_dpg.jpg"
            ],
            "ItemTitle": "Sugar Mami Granatapfel Erdbeere 0,33L",
            "ItemSalePrice": "1,10€",
            "ItemUnit": "3,33€/lzzgl.0,25€Pfand",
            "local_image_path": "Lebensmittel/Getränke/sugar_mami_granatapfel_erdbeere_033l_dpg.jpg"
          },
          {
            "image_urls": [
              "https://www.edeka24.de/out/pictures/generated/product/1/224_224_90/rauch_eistee_lemon_033ldpg.jpg"
            ],
            "ItemTitle": "Rauch Eistee Lemon 0,33lDPG",
            "ItemPrice": "0,89€",
            "ItemUnit": "2,70€/lzzgl.0,25€Pfand",
            "local_image_path": "Lebensmittel/Getränke/rauch_eistee_lemon_033ldpg.jpg"
          },
          {
            "image_urls": [
              "https://www.edeka24.de/out/pictures/generated/product/1/224_224_90/28_black_aa_zero.jpg"
            ],
            "ItemTitle": "28 Black Açaí Zero 250ML",
            "ItemPrice": "1,69€",
            "ItemUnit": "6,76€/lzzgl.0,25€Pfand",
            "local_image_path": "Lebensmittel/Getränke/28_black_aa_zero.jpg"
          },
          {
            "image_urls": [
              "https://www.edeka24.de/out/pictures/generated/product/1/224_224_90/red_bull_energy_drink_groe_dose_0355_ltr.jpg"
            ],
            "ItemTitle": "Red Bull Energy Drink 355ML",
            "ItemPrice": "1,69€",
            "ItemUnit": "4,76€/lzzgl.0,25€Pfand",
            "local_image_path": "Lebensmittel/Getränke/red_bull_energy_drink_groe_dose_0355_ltr.jpg"
          },
          {
            "image_urls": [
              "https://www.edeka24.de/out/pictures/generated/product/1/224_224_90/monin_sirup_grenadine_025l.jpg"
            ],
            "ItemTitle": "Monin Sirup Grenadine 250ML",
            "ItemPrice": "4,39€",
            "ItemUnit": "17,56€/l",
            "local_image_path": "Lebensmittel/Getränke/monin_sirup_grenadine_025l.jpg"
          },
          {
            "image_urls": [
              "https://www.edeka24.de/out/pictures/generated/product/1/224_224_90/4bro_ice_tea_peach_1l_ew.jpg"
            ],
            "ItemTitle": "4Bro Ice Tea Peach 1L",
            "ItemPrice": "1,79€",
            "ItemUnit": "1,79€/l",
            "local_image_path": "Lebensmittel/Getränke/4bro_ice_tea_peach_1l_ew.jpg"
          },
          {
            "image_urls": [
              "https://www.edeka24.de/out/pictures/generated/product/1/224_224_90/red_bull_energy_drink_sugarfree_4x250ml.jpg"
            ],
            "ItemTitle": "Red Bull Energy Drink Sugarfree 4x 250ML",
            "ItemPrice": "5,49€",
            "ItemUnit": "5,49€/lzzgl.1,00€Pfand",
            "local_image_path": "Lebensmittel/Getränke/red_bull_energy_drink_sugarfree_4x250ml.jpg"
          },
          {
            "image_urls": [
              "https://www.edeka24.de/out/pictures/generated/product/1/224_224_90/carpe_diem_classic_075l_dpg.jpg"
            ],
            "ItemTitle": "Carpe Diem Kombucha Tea Drink Classic 0,75 ltr",
            "ItemPrice": "3,29€",
            "ItemUnit": "4,39€/lzzgl.0,25€Pfand",
            "local_image_path": "Lebensmittel/Getränke/carpe_diem_classic_075l_dpg.jpg"
          },
          {
            "image_urls": [
              "https://www.edeka24.de/out/pictures/generated/product/1/224_224_90/red_bull_sugarfree_0355l_dpg.jpg"
            ],
            "ItemTitle": "Red Bull Energy Drink Sugarfree 355ML",
            "ItemPrice": "1,69€",
            "ItemUnit": "4,76€/lzzgl.0,25€Pfand",
            "local_image_path": "Lebensmittel/Getränke/red_bull_sugarfree_0355l_dpg.jpg"
          },
          {
            "image_urls": [
              "https://www.edeka24.de/out/pictures/generated/product/1/224_224_90/bio_alnatura_multisaft_075l.jpg"
            ],
            "ItemTitle": "Bio Alnatura Multisaft 0,75L",
            "ItemPrice": "2,49€",
            "ItemUnit": "3,32€/l",
            "local_image_path": "Lebensmittel/Getränke/bio_alnatura_multisaft_075l.jpg"
          },
          {
            "image_urls": [
              "https://www.edeka24.de/out/pictures/generated/product/1/224_224_90/effect_energydrink.jpg"
            ],
            "ItemTitle": "Effect Energydrink 0,33L",
            "ItemPrice": "1,09€",
            "ItemUnit": "3,30€/lzzgl.0,25€Pfand",
            "local_image_path": "Lebensmittel/Getränke/effect_energydrink.jpg"
          },
          {
            "image_urls": [
              "https://www.edeka24.de/out/pictures/generated/product/1/224_224_90/rotbamp228ckchen_guter_start_07l.jpg"
            ],
            "ItemTitle": "Rotbäckchen Guter Start 0,7L",
            "ItemPrice": "4,29€",
            "ItemUnit": "6,13€/l",
            "local_image_path": "Lebensmittel/Getränke/rotbamp228ckchen_guter_start_07l.jpg"
          },
          {
            "image_urls": [
              "https://www.edeka24.de/out/pictures/generated/product/1/224_224_90/acaiblack28.png"
            ],
            "ItemTitle": "28 Black Açaí 250ML",
            "ItemPrice": "1,69€",
            "ItemUnit": "6,76€/lzzgl.0,25€Pfand",
            "local_image_path": "Lebensmittel/Getränke/acaiblack28.png"
          },
          {
            "image_urls": [
              "https://www.edeka24.de/out/pictures/generated/product/1/224_224_90/corona_extra_033l_dpg.jpg"
            ],
            "ItemTitle": "Corona Extra 0,33L",
            "ItemPrice": "1,19€",
            "ItemUnit": "3,61€/lzzgl.0,25€Pfand",
            "local_image_path": "Lebensmittel/Getränke/corona_extra_033l_dpg.jpg"
          },
          {
            "image_urls": [
              "https://www.edeka24.de/out/pictures/generated/product/1/224_224_90/28_black_sour_mangokiwi_025_ltr.jpg"
            ],
            "ItemTitle": "28 Black Sour Mango-Kiwi 250ML",
            "ItemPrice": "1,69€",
            "ItemUnit": "6,76€/lzzgl.0,25€Pfand",
            "local_image_path": "Lebensmittel/Getränke/28_black_sour_mangokiwi_025_ltr.jpg"
          },
          {
            "image_urls": [
              "https://www.edeka24.de/out/pictures/generated/product/1/224_224_90/bio_red_bull_viva_mate_025l_dpg.jpg"
            ],
            "ItemTitle": "Red Bull Bio Organics Viva Mate 250ML",
            "ItemPrice": "1,29€",
            "ItemUnit": "5,16€/lzzgl.0,25€Pfand",
            "local_image_path": "Lebensmittel/Getränke/bio_red_bull_viva_mate_025l_dpg.jpg"
          },
          {
            "image_urls": [
              "https://www.edeka24.de/out/pictures/generated/product/1/224_224_90/rotbckchen_bio_klassik_07l.jpg"
            ],
            "ItemTitle": "Rotbäckchen Klassik 0,7L",
            "ItemPrice": "4,29€",
            "ItemUnit": "6,13€/l",
            "local_image_path": "Lebensmittel/Getränke/rotbckchen_bio_klassik_07l.jpg"
          },
          {
            "image_urls": [
              "https://www.edeka24.de/out/pictures/generated/product/1/224_224_90/bio_kloster_kitchen_granatapfel_036l_ew.jpg"
            ],
            "ItemTitle": "Kloster Kitchen Bio Ingwer Shot Granatapfel 0,36L",
            "ItemPrice": "9,99€",
            "ItemUnit": "27,75€/l",
            "local_image_path": "Lebensmittel/Getränke/bio_kloster_kitchen_granatapfel_036l_ew.jpg"
          },
          {
            "image_urls": [
              "https://www.edeka24.de/out/pictures/generated/product/1/224_224_90/monin_sirup_kokosnuss_025l.jpg"
            ],
            "ItemTitle": "Monin Sirup Cocos 250ML",
            "ItemPrice": "4,39€",
            "ItemUnit": "17,56€/l",
            "local_image_path": "Lebensmittel/Getränke/monin_sirup_kokosnuss_025l.jpg"
          },
          {
            "image_urls": [
              "https://www.edeka24.de/out/pictures/generated/product/1/224_224_90/holunderblueten_500_z1.jpg"
            ],
            "ItemTitle": "Balema Holunderblüten Genuss 0,5L",
            "ItemPrice": "8,29€",
            "ItemUnit": "16,58€/l",
            "local_image_path": "Lebensmittel/Getränke/holunderblueten_500_z1.jpg"
          },
          {
            "image_urls": [
              "https://www.edeka24.de/out/pictures/generated/product/1/224_224_90/balholusir.jpg"
            ],
            "ItemTitle": "Balema Holunderbeeren Genuss 0,5L",
            "ItemPrice": "5,49€",
            "ItemUnit": "10,98€/l",
            "local_image_path": "Lebensmittel/Getränke/balholusir.jpg"
          },
          {
            "image_urls": [
              "https://www.edeka24.de/out/pictures/generated/product/1/224_224_90/rb0473.jpg"
            ],
            "ItemTitle": "Red Bull Energy Drink 0,473L",
            "ItemPrice": "2,49€",
            "ItemUnit": "5,26€/lzzgl.0,25€Pfand",
            "local_image_path": "Lebensmittel/Getränke/rb0473.jpg"
          },
          {
            "image_urls": [
              "https://www.edeka24.de/out/pictures/generated/product/1/224_224_90/demeter_voelkel_shot_ingwer_kurkuma_075l_mw.jpg"
            ],
            "ItemTitle": "Voelkel Demeter Shot Ingwer Kurkuma 0,75L",
            "ItemPrice": "9,49€",
            "ItemUnit": "12,65€/lzzgl.0,15€Pfand",
            "local_image_path": "Lebensmittel/Getränke/demeter_voelkel_shot_ingwer_kurkuma_075l_mw.jpg"
          },
          {
            "image_urls": [
              "https://www.edeka24.de/out/pictures/generated/product/1/224_224_90/demeter_voelkel_multinatur_07l_mw.jpg"
            ],
            "ItemTitle": "Voelkel Demeter Multi-Natur 0,7L",
            "ItemPrice": "3,49€",
            "ItemUnit": "4,99€/lzzgl.0,15€Pfand",
            "local_image_path": "Lebensmittel/Getränke/demeter_voelkel_multinatur_07l_mw.jpg"
          },
          {
            "image_urls": [
              "https://www.edeka24.de/out/pictures/generated/product/1/224_224_90/rotbamp228ckchen_lernstark_07l.jpg"
            ],
            "ItemTitle": "Rotbäckchen Lernstark 0,7L",
            "ItemPrice": "4,29€",
            "ItemUnit": "6,13€/l",
            "local_image_path": "Lebensmittel/Getränke/rotbamp228ckchen_lernstark_07l.jpg"
          },
          {
            "image_urls": [
              "https://www.edeka24.de/out/pictures/generated/product/1/224_224_90/rotbckchen_rotbckchen_immunstark_1_ltr_flasche.jpg"
            ],
            "ItemTitle": "Rotbäckchen Immunstark 0,7L",
            "ItemPrice": "4,29€",
            "ItemUnit": "6,13€/l",
            "local_image_path": "Lebensmittel/Getränke/rotbckchen_rotbckchen_immunstark_1_ltr_flasche.jpg"
          },
          {
            "image_urls": [
              "https://www.edeka24.de/out/pictures/generated/product/1/224_224_90/voelkel_demeter_direktapfelsaft_heimisch_naturtramp252b_07l_mw.jpg"
            ],
            "ItemTitle": "Voelkel Demeter Direkt-Apfelsaft heimisch naturtrüb 0,7L",
            "ItemPrice": "2,29€",
            "ItemUnit": "3,27€/lzzgl.0,15€Pfand",
            "local_image_path": "Lebensmittel/Getränke/voelkel_demeter_direktapfelsaft_heimisch_naturtramp252b_07l_mw.jpg"
          },
          {
            "image_urls": [
              "https://www.edeka24.de/out/pictures/generated/product/1/224_224_90/biogourmetingwersaft.jpg"
            ],
            "ItemTitle": "Bio Gourmet Ingwersaft naturtrüb 200ML",
            "ItemPrice": "5,29€",
            "ItemUnit": "26,45€/l",
            "local_image_path": "Bio-Produkte/Bio Marken/biogourmetingwersaft.jpg"
          },
          {
            "image_urls": [
              "https://www.edeka24.de/out/pictures/generated/product/1/224_224_90/monin_sirup_holunderbl250ml.jpg"
            ],
            "ItemTitle": "Monin Sirup Holunderblüte 250ML",
            "ItemPrice": "4,39€",
            "ItemUnit": "17,56€/l",
            "local_image_path": "Lebensmittel/Getränke/monin_sirup_holunderbl250ml.jpg"
          },
          {
            "image_urls": [
              "https://www.edeka24.de/out/pictures/generated/product/1/224_224_90/bio_jacoby_naturland_apfelsaft_direktsaft_075l.jpg"
            ],
            "ItemTitle": "Jacoby Bio Apfelsaft 0,75L",
            "ItemPrice": "2,29€",
            "ItemUnit": "3,05€/l",
            "local_image_path": "Bio-Produkte/Bio Marken/bio_jacoby_naturland_apfelsaft_direktsaft_075l.jpg"
          },
          {
            "image_urls": [
              "https://www.edeka24.de/out/pictures/generated/product/1/224_224_90/booster_wassermelone_033l_dpg.jpg"
            ],
            "ItemTitle": "Booster Energydrink Watermelon 0,33L",
            "ItemPrice": "0,79€",
            "ItemUnit": "2,39€/lzzgl.0,25€Pfand",
            "local_image_path": "Lebensmittel/Getränke/booster_wassermelone_033l_dpg.jpg"
          },
          {
            "image_urls": [
              "https://www.edeka24.de/out/pictures/generated/product/1/224_224_90/red_bull_sugarfree_0355l_dpg.jpg"
            ],
            "ItemTitle": "Red Bull Energy Drink Sugarfree 355ML",
            "ItemPrice": "1,69€",
            "ItemUnit": "4,76€/lzzgl.0,25€Pfand",
            "local_image_path": "Lebensmittel/Getränke/red_bull_sugarfree_0355l_dpg.jpg"
          },
          {
            "image_urls": [
              "https://www.edeka24.de/out/pictures/generated/product/1/224_224_90/bio_alnatura_multisaft_075l.jpg"
            ],
            "ItemTitle": "Bio Alnatura Multisaft 0,75L",
            "ItemPrice": "2,49€",
            "ItemUnit": "3,32€/l",
            "local_image_path": "Lebensmittel/Getränke/bio_alnatura_multisaft_075l.jpg"
          },
          {
            "image_urls": [
              "https://www.edeka24.de/out/pictures/generated/product/1/224_224_90/effect_energydrink.jpg"
            ],
            "ItemTitle": "Effect Energydrink 0,33L",
            "ItemPrice": "1,09€",
            "ItemUnit": "3,30€/lzzgl.0,25€Pfand",
            "local_image_path": "Lebensmittel/Getränke/effect_energydrink.jpg"
          },
          {
            "image_urls": [
              "https://www.edeka24.de/out/pictures/generated/product/1/224_224_90/rotbamp228ckchen_guter_start_07l.jpg"
            ],
            "ItemTitle": "Rotbäckchen Guter Start 0,7L",
            "ItemPrice": "4,29€",
            "ItemUnit": "6,13€/l",
            "local_image_path": "Lebensmittel/Getränke/rotbamp228ckchen_guter_start_07l.jpg"
          },
          {
            "image_urls": [
              "https://www.edeka24.de/out/pictures/generated/product/1/224_224_90/acaiblack28.png"
            ],
            "ItemTitle": "28 Black Açaí 250ML",
            "ItemPrice": "1,69€",
            "ItemUnit": "6,76€/lzzgl.0,25€Pfand",
            "local_image_path": "Lebensmittel/Getränke/acaiblack28.png"
          },
          {
            "image_urls": [
              "https://www.edeka24.de/out/pictures/generated/product/1/224_224_90/corona_extra_033l_dpg.jpg"
            ],
            "ItemTitle": "Corona Extra 0,33L",
            "ItemPrice": "1,19€",
            "ItemUnit": "3,61€/lzzgl.0,25€Pfand",
            "local_image_path": "Lebensmittel/Getränke/corona_extra_033l_dpg.jpg"
          },
          {
            "image_urls": [
              "https://www.edeka24.de/out/pictures/generated/product/1/224_224_90/28_black_sour_mangokiwi_025_ltr.jpg"
            ],
            "ItemTitle": "28 Black Sour Mango-Kiwi 250ML",
            "ItemPrice": "1,69€",
            "ItemUnit": "6,76€/lzzgl.0,25€Pfand",
            "local_image_path": "Lebensmittel/Getränke/28_black_sour_mangokiwi_025_ltr.jpg"
          },
          {
            "image_urls": [
              "https://www.edeka24.de/out/pictures/generated/product/1/224_224_90/bio_red_bull_viva_mate_025l_dpg.jpg"
            ],
            "ItemTitle": "Red Bull Bio Organics Viva Mate 250ML",
            "ItemPrice": "1,29€",
            "ItemUnit": "5,16€/lzzgl.0,25€Pfand",
            "local_image_path": "Lebensmittel/Getränke/bio_red_bull_viva_mate_025l_dpg.jpg"
          },
          {
            "image_urls": [
              "https://www.edeka24.de/out/pictures/generated/product/1/224_224_90/rotbckchen_bio_klassik_07l.jpg"
            ],
            "ItemTitle": "Rotbäckchen Klassik 0,7L",
            "ItemPrice": "4,29€",
            "ItemUnit": "6,13€/l",
            "local_image_path": "Lebensmittel/Getränke/rotbckchen_bio_klassik_07l.jpg"
          },
          {
            "image_urls": [
              "https://www.edeka24.de/out/pictures/generated/product/1/224_224_90/bio_kloster_kitchen_granatapfel_036l_ew.jpg"
            ],
            "ItemTitle": "Kloster Kitchen Bio Ingwer Shot Granatapfel 0,36L",
            "ItemPrice": "9,99€",
            "ItemUnit": "27,75€/l",
            "local_image_path": "Lebensmittel/Getränke/bio_kloster_kitchen_granatapfel_036l_ew.jpg"
          },
          {
            "image_urls": [
              "https://www.edeka24.de/out/pictures/generated/product/1/224_224_90/monin_sirup_kokosnuss_025l.jpg"
            ],
            "ItemTitle": "Monin Sirup Cocos 250ML",
            "ItemPrice": "4,39€",
            "ItemUnit": "17,56€/l",
            "local_image_path": "Lebensmittel/Getränke/monin_sirup_kokosnuss_025l.jpg"
          },
          {
            "image_urls": [
              "https://www.edeka24.de/out/pictures/generated/product/1/224_224_90/holunderblueten_500_z1.jpg"
            ],
            "ItemTitle": "Balema Holunderblüten Genuss 0,5L",
            "ItemPrice": "8,29€",
            "ItemUnit": "16,58€/l",
            "local_image_path": "Lebensmittel/Getränke/holunderblueten_500_z1.jpg"
          },
          {
            "image_urls": [
              "https://www.edeka24.de/out/pictures/generated/product/1/224_224_90/balholusir.jpg"
            ],
            "ItemTitle": "Balema Holunderbeeren Genuss 0,5L",
            "ItemPrice": "5,49€",
            "ItemUnit": "10,98€/l",
            "local_image_path": "Lebensmittel/Getränke/balholusir.jpg"
          },
          {
            "image_urls": [
              "https://www.edeka24.de/out/pictures/generated/product/1/224_224_90/rb0473.jpg"
            ],
            "ItemTitle": "Red Bull Energy Drink 0,473L",
            "ItemPrice": "2,49€",
            "ItemUnit": "5,26€/lzzgl.0,25€Pfand",
            "local_image_path": "Lebensmittel/Getränke/rb0473.jpg"
          },
          {
            "image_urls": [
              "https://www.edeka24.de/out/pictures/generated/product/1/224_224_90/demeter_voelkel_shot_ingwer_kurkuma_075l_mw.jpg"
            ],
            "ItemTitle": "Voelkel Demeter Shot Ingwer Kurkuma 0,75L",
            "ItemPrice": "9,49€",
            "ItemUnit": "12,65€/lzzgl.0,15€Pfand",
            "local_image_path": "Lebensmittel/Getränke/demeter_voelkel_shot_ingwer_kurkuma_075l_mw.jpg"
          },
          {
            "image_urls": [
              "https://www.edeka24.de/out/pictures/generated/product/1/224_224_90/demeter_voelkel_multinatur_07l_mw.jpg"
            ],
            "ItemTitle": "Voelkel Demeter Multi-Natur 0,7L",
            "ItemPrice": "3,49€",
            "ItemUnit": "4,99€/lzzgl.0,15€Pfand",
            "local_image_path": "Lebensmittel/Getränke/demeter_voelkel_multinatur_07l_mw.jpg"
          },
          {
            "image_urls": [
              "https://www.edeka24.de/out/pictures/generated/product/1/224_224_90/rotbamp228ckchen_lernstark_07l.jpg"
            ],
            "ItemTitle": "Rotbäckchen Lernstark 0,7L",
            "ItemPrice": "4,29€",
            "ItemUnit": "6,13€/l",
            "local_image_path": "Lebensmittel/Getränke/rotbamp228ckchen_lernstark_07l.jpg"
          },
          {
            "image_urls": [
              "https://www.edeka24.de/out/pictures/generated/product/1/224_224_90/rotbckchen_rotbckchen_immunstark_1_ltr_flasche.jpg"
            ],
            "ItemTitle": "Rotbäckchen Immunstark 0,7L",
            "ItemPrice": "4,29€",
            "ItemUnit": "6,13€/l",
            "local_image_path": "Lebensmittel/Getränke/rotbckchen_rotbckchen_immunstark_1_ltr_flasche.jpg"
          },
          {
            "image_urls": [
              "https://www.edeka24.de/out/pictures/generated/product/1/224_224_90/voelkel_demeter_direktapfelsaft_heimisch_naturtramp252b_07l_mw.jpg"
            ],
            "ItemTitle": "Voelkel Demeter Direkt-Apfelsaft heimisch naturtrüb 0,7L",
            "ItemPrice": "2,29€",
            "ItemUnit": "3,27€/lzzgl.0,15€Pfand",
            "local_image_path": "Lebensmittel/Getränke/voelkel_demeter_direktapfelsaft_heimisch_naturtramp252b_07l_mw.jpg"
          },
          {
            "image_urls": [
              "https://www.edeka24.de/out/pictures/generated/product/1/224_224_90/biogourmetingwersaft.jpg"
            ],
            "ItemTitle": "Bio Gourmet Ingwersaft naturtrüb 200ML",
            "ItemPrice": "5,29€",
            "ItemUnit": "26,45€/l",
            "local_image_path": "Bio-Produkte/Bio Marken/biogourmetingwersaft.jpg"
          },
          {
            "image_urls": [
              "https://www.edeka24.de/out/pictures/generated/product/1/224_224_90/monin_sirup_holunderbl250ml.jpg"
            ],
            "ItemTitle": "Monin Sirup Holunderblüte 250ML",
            "ItemPrice": "4,39€",
            "ItemUnit": "17,56€/l",
            "local_image_path": "Lebensmittel/Getränke/monin_sirup_holunderbl250ml.jpg"
          },
          {
            "image_urls": [
              "https://www.edeka24.de/out/pictures/generated/product/1/224_224_90/bio_jacoby_naturland_apfelsaft_direktsaft_075l.jpg"
            ],
            "ItemTitle": "Jacoby Bio Apfelsaft 0,75L",
            "ItemPrice": "2,29€",
            "ItemUnit": "3,05€/l",
            "local_image_path": "Bio-Produkte/Bio Marken/bio_jacoby_naturland_apfelsaft_direktsaft_075l.jpg"
          },
          {
            "image_urls": [
              "https://www.edeka24.de/out/pictures/generated/product/1/224_224_90/booster_wassermelone_033l_dpg.jpg"
            ],
            "ItemTitle": "Booster Energydrink Watermelon 0,33L",
            "ItemPrice": "0,79€",
            "ItemUnit": "2,39€/lzzgl.0,25€Pfand",
            "local_image_path": "Lebensmittel/Getränke/booster_wassermelone_033l_dpg.jpg"
          }
        ]
      }
    ]
  },
  {
    "CategoryTitle": "Wein/ Spirituosen",
    "Subcategories": [
      {
        "subcategoryTitle": "Rotwein",
        "productItems": [
          {
            "image_urls": [
              "https://www.edeka24.de/out/pictures/generated/product/1/224_224_90/aldegottspbg2015.jpg"
            ],
            "ItemTitle": "Alde Gott Spätburgunder Rotwein 0,75L",
            "ItemPrice": "7,49€",
            "ItemUnit": "9,99€/l",
            "local_image_path": "Wein/ Spirituosen/Rotwein/aldegottspbg2015.jpg"
          },
          {
            "image_urls": [
              "https://www.edeka24.de/out/pictures/generated/product/1/224_224_90/aldegottspbgkabinett2015.jpg"
            ],
            "ItemTitle": "Alde Gott Spätburgunder Rotwein Kabinett 0,75L",
            "ItemPrice": "7,99€",
            "ItemUnit": "10,65€/l",
            "local_image_path": "Wein/ Spirituosen/Rotwein/aldegottspbgkabinett2015.jpg"
          },
          {
            "image_urls": [
              "https://www.edeka24.de/out/pictures/generated/product/1/224_224_90/aldegottspbgkabinetttrocken2015.jpg"
            ],
            "ItemTitle": "Alde Gott Spätburgunder Rotwein Kabinett trocken 0,75L",
            "ItemPrice": "8,49€",
            "ItemUnit": "11,32€/l",
            "local_image_path": "Wein/ Spirituosen/Rotwein/aldegottspbgkabinetttrocken2015.jpg"
          },
          {
            "image_urls": [
              "https://www.edeka24.de/out/pictures/generated/product/1/224_224_90/aldegottspbgqualittsweinrotsss.jpg"
            ],
            "ItemTitle": "Alde Gott Spätburgunder Rotwein Rot & Süß 0,75L",
            "ItemPrice": "7,49€",
            "ItemUnit": "9,99€/l",
            "local_image_path": "Wein/ Spirituosen/Rotwein/aldegottspbgqualittsweinrotsss.jpg"
          },
          {
            "image_urls": [
              "https://www.edeka24.de/out/pictures/generated/product/1/224_224_90/alde_gott_sptburgunder_rotwein_trocken_075l.jpg"
            ],
            "ItemTitle": "Alde Gott Spätburgunder Rotwein trocken 0,75L",
            "ItemPrice": "7,99€",
            "ItemUnit": "10,65€/l",
            "local_image_path": "Wein/ Spirituosen/Rotwein/alde_gott_sptburgunder_rotwein_trocken_075l.jpg"
          },
          {
            "image_urls": [
              "https://www.edeka24.de/out/pictures/generated/product/1/224_224_90/alnatura_bio_dornfelder_halbtrocken_075_ltr.jpg"
            ],
            "ItemTitle": "Alnatura Bio Dornfelder halbtrocken 0,75L",
            "ItemPrice": "4,29€",
            "ItemUnit": "5,72€/l",
            "local_image_path": "Wein/ Spirituosen/Rotwein/alnatura_bio_dornfelder_halbtrocken_075_ltr.jpg"
          },
          {
            "image_urls": [
              "https://www.edeka24.de/out/pictures/generated/product/1/224_224_90/bio_alnnavtemprmerl075l.jpg"
            ],
            "ItemTitle": "Alnatura Bio Navarra Tempranillo-Merlot trocken 0,75L",
            "ItemPrice": "5,29€",
            "ItemUnit": "7,05€/l",
            "local_image_path": "Wein/ Spirituosen/Rotwein/bio_alnnavtemprmerl075l.jpg"
          },
          {
            "image_urls": [
              "https://www.edeka24.de/out/pictures/generated/product/1/224_224_90/alnatura_bio_primitivo_075l.jpg"
            ],
            "ItemTitle": "Alnatura Bio Primitivo 0,75L",
            "ItemPrice": "5,29€",
            "ItemUnit": "7,05€/l",
            "local_image_path": "Wein/ Spirituosen/Rotwein/alnatura_bio_primitivo_075l.jpg"
          },
          {
            "image_urls": [
              "https://www.edeka24.de/out/pictures/generated/product/1/224_224_90/apothic-inferno-barrel.jpg"
            ],
            "ItemTitle": "Apothic Inferno Rotwein trocken 2018 0,75L",
            "ItemPrice": "15,49€",
            "ItemUnit": "20,65€/l",
            "local_image_path": "Wein/ Spirituosen/Rotwein/apothic-inferno-barrel.jpg"
          },
          {
            "image_urls": [
              "https://www.edeka24.de/out/pictures/generated/product/1/224_224_90/apothicdarkred.jpg"
            ],
            "ItemTitle": "Apothic Red California 0,75L",
            "ItemPrice": "10,49€",
            "ItemUnit": "13,99€/l",
            "local_image_path": "Wein/ Spirituosen/Rotwein/apothicdarkred.jpg"
          },
          {
            "image_urls": [
              "https://www.edeka24.de/out/pictures/generated/product/1/224_224_90/barefootcabernetsauvignon.jpg"
            ],
            "ItemTitle": "Barefoot Cabernet Sauvignon halbtrocken 0,75L",
            "ItemPrice": "6,49€",
            "ItemUnit": "8,65€/l",
            "local_image_path": "Wein/ Spirituosen/Rotwein/barefootcabernetsauvignon.jpg"
          },
          {
            "image_urls": [
              "https://www.edeka24.de/out/pictures/generated/product/1/224_224_90/barefoot_merlot_075l.jpg"
            ],
            "ItemTitle": "Barefoot Merlot trocken 0,75L",
            "ItemPrice": "6,49€",
            "ItemUnit": "8,65€/l",
            "local_image_path": "Wein/ Spirituosen/Rotwein/barefoot_merlot_075l.jpg"
          },
          {
            "image_urls": [
              "https://www.edeka24.de/out/pictures/generated/product/1/224_224_90/baron_de_ley_reserva_rioja_rotwein_2013.jpg"
            ],
            "ItemTitle": "Baron de Ley Reserva Rioja Rotwein 0,75L",
            "ItemPrice": "17,49€",
            "ItemUnit": "23,32€/l",
            "local_image_path": "Wein/ Spirituosen/Rotwein/baron_de_ley_reserva_rioja_rotwein_2013.jpg"
          },
          {
            "image_urls": [
              "https://www.edeka24.de/out/pictures/generated/product/1/224_224_90/bio_rothschild_mouton_cadet_rouge_bordeaux_aoc_075l.jpg"
            ],
            "ItemTitle": "Baron Philippe de Rothschild Bio Mouton Cadet Bordeaux AOC 0,75L",
            "ItemPrice": "13,99€",
            "ItemUnit": "18,65€/l",
            "local_image_path": "Wein/ Spirituosen/Rotwein/bio_rothschild_mouton_cadet_rouge_bordeaux_aoc_075l.jpg"
          },
          {
            "image_urls": [
              "https://www.edeka24.de/out/pictures/generated/product/1/224_224_90/bord_rouge_500_z1.jpg"
            ],
            "ItemTitle": "Baron Philippe Rothschild Bordeaux Rouge 0,75L",
            "ItemPrice": "7,49€",
            "ItemUnit": "9,99€/l",
            "local_image_path": "Wein/ Spirituosen/Rotwein/bord_rouge_500_z1.jpg"
          },
          {
            "image_urls": [
              "https://www.edeka24.de/out/pictures/generated/product/1/224_224_90/baron_philippe_rothschild_mouton_cadet_rouge_2015.jpg"
            ],
            "ItemTitle": "Baron Philippe Rothschild Mouton Cadet Rouge 0,75L",
            "ItemPrice": "12,49€",
            "ItemUnit": "16,65€/l",
            "local_image_path": "Wein/ Spirituosen/Rotwein/baron_philippe_rothschild_mouton_cadet_rouge_2015.jpg"
          },
          {
            "image_urls": [
              "https://www.edeka24.de/out/pictures/generated/product/1/224_224_90/montaltonerodavola.jpg"
            ],
            "ItemTitle": "Barone Montalto Bio Nero D'Avola 0,75L",
            "ItemPrice": "6,29€",
            "ItemUnit": "8,39€/l",
            "local_image_path": "Bio-Produkte/Bio Marken/montaltonerodavola.jpg"
          },
          {
            "image_urls": [
              "https://www.edeka24.de/out/pictures/generated/product/1/224_224_90/baron-montalto-nero-davalo.jpg"
            ],
            "ItemTitle": "Barone Montalto Nero D'Avola IGT 0,75L",
            "ItemPrice": "6,49€",
            "ItemUnit": "8,65€/l",
            "local_image_path": "Wein/ Spirituosen/Rotwein/baron-montalto-nero-davalo.jpg"
          },
          {
            "image_urls": [
              "https://www.edeka24.de/out/pictures/generated/product/1/224_224_90/bertoldi_granpassione.jpg"
            ],
            "ItemTitle": "Bertoldi Gran Passione IGT Rotwein 0,75L",
            "ItemPrice": "7,99€",
            "ItemUnit": "10,65€/l",
            "local_image_path": "Wein/ Spirituosen/Rotwein/bertoldi_granpassione.jpg"
          },
          {
            "image_urls": [
              "https://www.edeka24.de/out/pictures/generated/product/1/224_224_90/bertoldi_merlot_barrique_igt_075l.jpg"
            ],
            "ItemTitle": "Bertoldi Merlot Barrique IGT 0,75L",
            "ItemPrice": "6,99€",
            "ItemUnit": "9,32€/l",
            "local_image_path": "Wein/ Spirituosen/Rotwein/bertoldi_merlot_barrique_igt_075l.jpg"
          },
          {
            "image_urls": [
              "https://www.edeka24.de/out/pictures/generated/product/1/224_224_90/traditionsptburgunderrotweinlieblich.jpg"
            ],
            "ItemTitle": "Bischoffinger Tradition Spätburgunder lieblich 0,75L",
            "ItemPrice": "5,49€",
            "ItemUnit": "7,32€/l",
            "local_image_path": "Wein/ Spirituosen/Rotwein/traditionsptburgunderrotweinlieblich.jpg"
          },
          {
            "image_urls": [
              "https://www.edeka24.de/out/pictures/generated/product/1/224_224_90/bischoffinger_tradition_sptburgunder_trocken_2018_075_ltr.jpg"
            ],
            "ItemTitle": "Bischoffinger Tradition Spätburgunder trocken 0,75L",
            "ItemPrice": "5,49€",
            "ItemUnit": "7,32€/l",
            "local_image_path": "Wein/ Spirituosen/Rotwein/bischoffinger_tradition_sptburgunder_trocken_2018_075_ltr.jpg"
          },
          {
            "image_urls": [
              "https://www.edeka24.de/out/pictures/generated/product/1/224_224_90/bodegas_rasgon_tempranillo_rotwein_halbtrocken_2017.jpg"
            ],
            "ItemTitle": "Bodegas Rasgon Tempranillo Rotwein halbtrocken 0,75L",
            "ItemPrice": "4,49€",
            "ItemUnit": "5,99€/l",
            "local_image_path": "Wein/ Spirituosen/Rotwein/bodegas_rasgon_tempranillo_rotwein_halbtrocken_2017.jpg"
          },
          {
            "image_urls": [
              "https://www.edeka24.de/out/pictures/generated/product/1/224_224_90/thepavillion.jpg"
            ],
            "ItemTitle": "Boschendal The Pavillion Shiraz Cabernet Sauvignon 0,75L",
            "ItemPrice": "7,99€",
            "ItemUnit": "10,65€/l",
            "local_image_path": "Wein/ Spirituosen/Rotwein/thepavillion.jpg"
          },
          {
            "image_urls": [
              "https://www.edeka24.de/out/pictures/generated/product/1/224_224_90/bree_merlot_trocken_075l.jpg"
            ],
            "ItemTitle": "Bree Merlot 0,75L",
            "ItemPrice": "5,99€",
            "ItemUnit": "7,99€/l",
            "local_image_path": "Wein/ Spirituosen/Rotwein/bree_merlot_trocken_075l.jpg"
          },
          {
            "image_urls": [
              "https://www.edeka24.de/out/pictures/generated/product/1/224_224_90/-8009005001410_iq.jpg"
            ],
            "ItemTitle": "Brigl Kalterersee Rotwein 1L",
            "ItemPrice": "6,99€",
            "ItemUnit": "6,99€/l",
            "local_image_path": "Wein/ Spirituosen/Rotwein/-8009005001410_iq.jpg"
          },
          {
            "image_urls": [
              "https://www.edeka24.de/out/pictures/generated/product/1/224_224_90/-8009005002059_iq.jpg"
            ],
            "ItemTitle": "Brigl Südtiroler Edelvernatsch DOP Rotwein 1L",
            "ItemPrice": "5,99€",
            "ItemUnit": "5,99€/l",
            "local_image_path": "Wein/ Spirituosen/Rotwein/-8009005002059_iq.jpg"
          },
          {
            "image_urls": [
              "https://www.edeka24.de/out/pictures/generated/product/1/224_224_90/campo-viejo-tempramillo.jpg"
            ],
            "ItemTitle": "Campo Viejo Tempranillo Rotwein 0,75L",
            "ItemPrice": "6,99€",
            "ItemUnit": "9,32€/l",
            "local_image_path": "Wein/ Spirituosen/Rotwein/campo-viejo-tempramillo.jpg"
          },
          {
            "image_urls": [
              "https://www.edeka24.de/out/pictures/generated/product/1/224_224_90/tasrdus.jpg"
            ],
            "ItemTitle": "Cantine Francesco Minini Nero D'Avola Tardus Appassimento IGT 2019 0,75L",
            "ItemPrice": "9,99€",
            "ItemUnit": "13,32€/l",
            "local_image_path": "Wein/ Spirituosen/Rotwein/tasrdus.jpg"
          },
          {
            "image_urls": [
              "https://www.edeka24.de/out/pictures/generated/product/1/224_224_90/quietum.jpg"
            ],
            "ItemTitle": "Cantine Francesco Minini Primitivo Quietum Appassimento IGT 0,75L",
            "ItemPrice": "11,49€",
            "ItemUnit": "15,32€/l",
            "local_image_path": "Wein/ Spirituosen/Rotwein/quietum.jpg"
          },
          {
            "image_urls": [
              "https://www.edeka24.de/out/pictures/generated/product/1/224_224_90/casalgarciasangria.jpg"
            ],
            "ItemTitle": "Casal Garcia Sangria 0,75L",
            "ItemSalePrice": "4,49€",
            "ItemUnit": "5,99€/l",
            "local_image_path": "Wein/ Spirituosen/Rotwein/casalgarciasangria.jpg"
          },
          {
            "image_urls": [
              "https://www.edeka24.de/out/pictures/generated/product/1/224_224_90/castellani---negroamaro.jpg"
            ],
            "ItemTitle": "Castellani Negroamaro Puglia 0,75L",
            "ItemPrice": "5,99€",
            "ItemUnit": "7,99€/l",
            "local_image_path": "Wein/ Spirituosen/Rotwein/castellani---negroamaro.jpg"
          },
          {
            "image_urls": [
              "https://www.edeka24.de/out/pictures/generated/product/1/224_224_90/castellani---primitivo_480.jpg"
            ],
            "ItemTitle": "Castellani Primitivo Puglia Rotwein 0,75L",
            "ItemPrice": "5,99€",
            "ItemUnit": "7,99€/l",
            "local_image_path": "Wein/ Spirituosen/Rotwein/castellani---primitivo_480.jpg"
          },
          {
            "image_urls": [
              "https://www.edeka24.de/out/pictures/generated/product/1/224_224_90/cecchi_chianti_docg_rotwein_2014.jpg"
            ],
            "ItemTitle": "Cecchi Chianti DOCG Rotwein 0,75L",
            "ItemPrice": "7,99€",
            "ItemUnit": "10,65€/l",
            "local_image_path": "Wein/ Spirituosen/Rotwein/cecchi_chianti_docg_rotwein_2014.jpg"
          },
          {
            "image_urls": [
              "https://www.edeka24.de/out/pictures/generated/product/1/224_224_90/cecchi_sangiovese_rotwein_2015.jpg"
            ],
            "ItemTitle": "Cecchi Sangiovese Rotwein 0,75 ltr",
            "ItemPrice": "6,99€",
            "ItemUnit": "9,32€/l",
            "local_image_path": "Wein/ Spirituosen/Rotwein/cecchi_sangiovese_rotwein_2015.jpg"
          },
          {
            "image_urls": [
              "https://www.edeka24.de/out/pictures/generated/product/1/224_224_90/chateau-bois-pertuis-bordeaux.jpg"
            ],
            "ItemTitle": "Chateau Bois Pertuis Bordeaux AOC Rotwein 0,75L",
            "ItemPrice": "9,49€",
            "ItemUnit": "12,65€/l",
            "local_image_path": "Wein/ Spirituosen/Rotwein/chateau-bois-pertuis-bordeaux.jpg"
          },
          {
            "image_urls": [
              "https://www.edeka24.de/out/pictures/generated/product/1/224_224_90/chateaudaigueville1lflasche_preview.jpg"
            ],
            "ItemTitle": "Chateau D´Aigueville Côtes du Rhône Villages 0,75L",
            "ItemPrice": "7,99€",
            "ItemUnit": "10,65€/l",
            "local_image_path": "Wein/ Spirituosen/Rotwein/chateaudaigueville1lflasche_preview.jpg"
          },
          {
            "image_urls": [
              "https://www.edeka24.de/out/pictures/generated/product/1/224_224_90/champ226teau_la_criox_du_breuil_acfrankreich_075l.jpg"
            ],
            "ItemTitle": "Château La Croix Du Breuil Médoc 0,75L",
            "ItemPrice": "7,99€",
            "ItemUnit": "10,65€/l",
            "local_image_path": "Wein/ Spirituosen/Rotwein/champ226teau_la_criox_du_breuil_acfrankreich_075l.jpg"
          },
          {
            "image_urls": [
              "https://www.edeka24.de/out/pictures/generated/product/1/224_224_90/chateau_lamarzelle_cormey_grand_cru_ac_rotwein_2012.jpg"
            ],
            "ItemTitle": "Chateau Lamarzelle Cormey Grand Cru AC Rotwein 0,75L",
            "ItemPrice": "18,49€",
            "ItemUnit": "24,65€/l",
            "local_image_path": "Wein/ Spirituosen/Rotwein/chateau_lamarzelle_cormey_grand_cru_ac_rotwein_2012.jpg"
          },
          {
            "image_urls": [
              "https://www.edeka24.de/out/pictures/generated/product/1/224_224_90/bio_chatmorillon_bord075l.jpg"
            ],
            "ItemTitle": "Chateau Morillon Bio Bordeaux trocken 0,75L",
            "ItemPrice": "10,49€",
            "ItemUnit": "13,99€/l",
            "local_image_path": "Bio-Produkte/Bio Marken/bio_chatmorillon_bord075l.jpg"
          },
          {
            "image_urls": [
              "https://www.edeka24.de/out/pictures/generated/product/1/224_224_90/concha_y_toro_casillero_del_diablo_cabernet_sauvignon_2014.jpg"
            ],
            "ItemTitle": "Concha y Toro Casillero Del Diablo Cabernet Sauvignon 0,75L",
            "ItemPrice": "6,99€",
            "ItemUnit": "9,32€/l",
            "local_image_path": "Wein/ Spirituosen/Rotwein/concha_y_toro_casillero_del_diablo_cabernet_sauvignon_2014.jpg"
          },
          {
            "image_urls": [
              "https://www.edeka24.de/out/pictures/generated/product/1/224_224_90/cddcarmenere_457_z1.jpg"
            ],
            "ItemTitle": "Concha y Toro Casillero del Diablo Carmenere 0,75L",
            "ItemPrice": "6,99€",
            "ItemUnit": "9,32€/l",
            "local_image_path": "Wein/ Spirituosen/Rotwein/cddcarmenere_457_z1.jpg"
          },
          {
            "image_urls": [
              "https://www.edeka24.de/out/pictures/generated/product/1/224_224_90/casillerodeldiablomerlot.jpg"
            ],
            "ItemTitle": "Concha y Toro Casillero Del Diablo Merlot 0,75L",
            "ItemPrice": "6,99€",
            "ItemUnit": "9,32€/l",
            "local_image_path": "Wein/ Spirituosen/Rotwein/casillerodeldiablomerlot.jpg"
          },
          {
            "image_urls": [
              "https://www.edeka24.de/out/pictures/generated/product/1/224_224_90/bio_passione_di_puglia_rosso_14_igt_075l.jpg"
            ],
            "ItemTitle": "Contessa Marina Bio Passione di Puglia Rosso 14 IGT 0,75L",
            "ItemPrice": "8,99€",
            "ItemUnit": "11,99€/l",
            "local_image_path": "Bio-Produkte/Bio Marken/bio_passione_di_puglia_rosso_14_igt_075l.jpg"
          },
          {
            "image_urls": [
              "https://www.edeka24.de/out/pictures/generated/product/1/224_224_90/contessa_marina_primitivo_di_marina_igt_075l.jpg"
            ],
            "ItemTitle": "Contessa Marina Primitivo di Marina IGT 0,75L",
            "ItemPrice": "7,99€",
            "ItemUnit": "10,65€/l",
            "local_image_path": "Wein/ Spirituosen/Rotwein/contessa_marina_primitivo_di_marina_igt_075l.jpg"
          },
          {
            "image_urls": [
              "https://www.edeka24.de/out/pictures/generated/product/1/224_224_90/contessa_marina_primitivomerlot_2015.jpg"
            ],
            "ItemTitle": "Contessa Marina Primitivo-Merlot Rotwein 0,75L",
            "ItemPrice": "8,49€",
            "ItemUnit": "11,32€/l",
            "local_image_path": "Wein/ Spirituosen/Rotwein/contessa_marina_primitivomerlot_2015.jpg"
          },
          {
            "image_urls": [
              "https://www.edeka24.de/out/pictures/generated/product/1/224_224_90/cuvee_benedikt_grande_reserve_rouge_aoc_075l.jpg"
            ],
            "ItemTitle": "Cuvée Benedikt Grande Reserve Cotes du Rhone AOC 0,75L",
            "ItemPrice": "6,49€",
            "ItemUnit": "8,65€/l",
            "local_image_path": "Wein/ Spirituosen/Rotwein/cuvee_benedikt_grande_reserve_rouge_aoc_075l.jpg"
          },
          {
            "image_urls": [
              "https://www.edeka24.de/out/pictures/generated/product/1/224_224_90/darkhorse_cabernet_sauvignon_075l.jpg"
            ],
            "ItemTitle": "Darkhorse Cabernet Sauvignon 0,75L",
            "ItemPrice": "8,49€",
            "ItemUnit": "11,32€/l",
            "local_image_path": "Wein/ Spirituosen/Rotwein/darkhorse_cabernet_sauvignon_075l.jpg"
          },
          {
            "image_urls": [
              "https://www.edeka24.de/out/pictures/generated/product/1/224_224_90/darkwhoresmerlot.jpg"
            ],
            "ItemTitle": "Darkhorse Merlot trocken 2019 0,75L",
            "ItemPrice": "8,49€",
            "ItemUnit": "11,32€/l",
            "local_image_path": "Wein/ Spirituosen/Rotwein/darkwhoresmerlot.jpg"
          },
          {
            "image_urls": [
              "https://www.edeka24.de/out/pictures/generated/product/1/224_224_90/darkwhoreszinfandel.jpg"
            ],
            "ItemTitle": "Darkhorse Zinfandel trocken 2018 0,75L",
            "ItemPrice": "8,49€",
            "ItemUnit": "11,32€/l",
            "local_image_path": "Wein/ Spirituosen/Rotwein/darkwhoreszinfandel.jpg"
          },
          {
            "image_urls": [
              "https://www.edeka24.de/out/pictures/generated/product/1/224_224_90/deidesheimer_dornfelder_rotwein_halbtrocken.jpg"
            ],
            "ItemTitle": "Deidesheimer Dornfelder Rotwein halbtrocken 0,75L",
            "ItemPrice": "5,49€",
            "ItemUnit": "7,32€/l",
            "local_image_path": "Wein/ Spirituosen/Rotwein/deidesheimer_dornfelder_rotwein_halbtrocken.jpg"
          },
          {
            "image_urls": [
              "https://www.edeka24.de/out/pictures/generated/product/1/224_224_90/deidesheimer_dornfelder_rotwein_trocken.jpg"
            ],
            "ItemTitle": "Deidesheimer Dornfelder Rotwein trocken 0,75L",
            "ItemPrice": "5,99€",
            "ItemUnit": "7,99€/l",
            "local_image_path": "Wein/ Spirituosen/Rotwein/deidesheimer_dornfelder_rotwein_trocken.jpg"
          },
          {
            "image_urls": [
              "https://www.edeka24.de/out/pictures/generated/product/1/224_224_90/deidesheimer_sptburgunder_trocken_075l.jpg"
            ],
            "ItemTitle": "Deidesheimer Spätburgunder trocken 0,75L",
            "ItemPrice": "5,99€",
            "ItemUnit": "7,99€/l",
            "local_image_path": "Wein/ Spirituosen/Rotwein/deidesheimer_sptburgunder_trocken_075l.jpg"
          },
          {
            "image_urls": [
              "https://www.edeka24.de/out/pictures/generated/product/1/224_224_90/demeter_perla_terra_merlot_igp_tr075l.jpg"
            ],
            "ItemTitle": "Demeter Perla Terra Merlot IGP 0,75L",
            "ItemPrice": "5,79€",
            "ItemUnit": "7,72€/l",
            "local_image_path": "Wein/ Spirituosen/Rotwein/demeter_perla_terra_merlot_igp_tr075l.jpg"
          },
          {
            "image_urls": [
              "https://www.edeka24.de/out/pictures/generated/product/1/224_224_90/dwtdornfelder.jpg"
            ],
            "ItemTitle": "Deutsches Weintor Bio Dornfelder QbA trocken 0,75L",
            "ItemPrice": "5,99€",
            "ItemUnit": "7,99€/l",
            "local_image_path": "Wein/ Spirituosen/Rotwein/dwtdornfelder.jpg"
          },
          {
            "image_urls": [
              "https://www.edeka24.de/out/pictures/generated/product/1/224_224_90/deutsches_weintor_dornfelder_halbtrocken_075l.jpg"
            ],
            "ItemTitle": "Deutsches Weintor Dornfelder halbtrocken 0,75L",
            "ItemPrice": "4,99€",
            "ItemUnit": "6,65€/l",
            "local_image_path": "Wein/ Spirituosen/Rotwein/deutsches_weintor_dornfelder_halbtrocken_075l.jpg"
          },
          {
            "image_urls": [
              "https://www.edeka24.de/out/pictures/generated/product/1/224_224_90/doppio_passo_appassimento_primitivo_075l.jpg"
            ],
            "ItemTitle": "Doppio Passo Appassimento Primitivo 0,75L",
            "ItemPrice": "11,99€",
            "ItemUnit": "15,99€/l",
            "local_image_path": "Wein/ Spirituosen/Rotwein/doppio_passo_appassimento_primitivo_075l.jpg"
          },
          {
            "image_urls": [
              "https://www.edeka24.de/out/pictures/generated/product/1/224_224_90/doppio-passo-bio-italien.jpg"
            ],
            "ItemTitle": "Doppio Passo Bio Primitivo IGT 0,75L",
            "ItemPrice": "9,99€",
            "ItemUnit": "13,32€/l",
            "local_image_path": "Bio-Produkte/Bio Marken/doppio-passo-bio-italien.jpg"
          },
          {
            "image_urls": [
              "https://www.edeka24.de/out/pictures/generated/product/1/224_224_90/doppio-passo_grillo_karton.jpg"
            ],
            "ItemTitle": "Doppio Passo Grillo Sicilia DOC 6x0,75L KARTON",
            "ItemPrice": "46,74€",
            "ItemUnit": "10,39€/l",
            "local_image_path": "Wein/ Spirituosen/Rotwein/doppio-passo_grillo_karton.jpg"
          },
          {
            "image_urls": [
              "https://www.edeka24.de/out/pictures/generated/product/1/224_224_90/doppio_passo_primitivo_alkoholfrei_075l.jpg"
            ],
            "ItemTitle": "Doppio Passo Primitivo Alternativa alkoholfrei 0,75L",
            "ItemPrice": "8,49€",
            "ItemUnit": "11,32€/l",
            "local_image_path": "Wein/ Spirituosen/Rotwein/doppio_passo_primitivo_alkoholfrei_075l.jpg"
          },
          {
            "image_urls": [
              "https://www.edeka24.de/out/pictures/generated/product/1/224_224_90/doppio_passo_primitivo_di_manduria_riserva_doc_075l.jpg"
            ],
            "ItemTitle": "Doppio Passo Primitivo di Manduria Riserva DOC 0,75L",
            "ItemPrice": "11,99€",
            "ItemUnit": "15,99€/l",
            "local_image_path": "Wein/ Spirituosen/Rotwein/doppio_passo_primitivo_di_manduria_riserva_doc_075l.jpg"
          },
          {
            "image_urls": [
              "https://www.edeka24.de/out/pictures/generated/product/1/224_224_90/doppio_passo_primitivo_puglia_igt_075l.jpg"
            ],
            "ItemTitle": "Doppio Passo Primitivo Puglia IGT 0,75L",
            "ItemPrice": "8,49€",
            "ItemUnit": "11,32€/l",
            "local_image_path": "Wein/ Spirituosen/Rotwein/doppio_passo_primitivo_puglia_igt_075l.jpg"
          },
          {
            "image_urls": [
              "https://www.edeka24.de/out/pictures/generated/product/1/224_224_90/doppio-passo_primitivo_karton.jpg"
            ],
            "ItemTitle": "Doppio Passo Primitivo Puglia IGT 6x0,75l KARTON",
            "ItemPrice": "46,74€",
            "ItemUnit": "10,39€/l",
            "local_image_path": "Wein/ Spirituosen/Rotwein/doppio-passo_primitivo_karton.jpg"
          },
          {
            "image_urls": [
              "https://www.edeka24.de/out/pictures/generated/product/1/224_224_90/doppio_rosso_primitivo_merlot_puglia_igt_075l.jpg"
            ],
            "ItemTitle": "Doppio Rosso Primitivo Merlot IGT 0,75L",
            "ItemPrice": "5,49€",
            "ItemUnit": "7,32€/l",
            "local_image_path": "Wein/ Spirituosen/Rotwein/doppio_rosso_primitivo_merlot_puglia_igt_075l.jpg"
          },
          {
            "image_urls": [
              "https://www.edeka24.de/out/pictures/generated/product/1/224_224_90/ducadicarosinoprimitivo.jpg"
            ],
            "ItemTitle": "Duca di Carosino Primitivo Puglia IGP 0,75L",
            "ItemPrice": "8,99€",
            "ItemUnit": "11,99€/l",
            "local_image_path": "Wein/ Spirituosen/Rotwein/ducadicarosinoprimitivo.jpg"
          },
          {
            "image_urls": [
              "https://www.edeka24.de/out/pictures/generated/product/1/224_224_90/durbacher-kollektion-sptburgunder-lieblich.jpg"
            ],
            "ItemTitle": "Durbacher Kochberg Spätburgunder Kollektion lieblich 0,75L",
            "ItemPrice": "5,99€",
            "ItemUnit": "7,99€/l",
            "local_image_path": "Wein/ Spirituosen/Rotwein/durbacher-kollektion-sptburgunder-lieblich.jpg"
          },
          {
            "image_urls": [
              "https://www.edeka24.de/out/pictures/generated/product/1/224_224_90/083306-durbacher-kochberg-sptburgunder-rotwein-kabinett-klassik-075l.png"
            ],
            "ItemTitle": "Durbacher Kochberg Spätburgunder Rotwein Kabinett 0,75L",
            "ItemPrice": "8,49€",
            "ItemUnit": "11,32€/l",
            "local_image_path": "Wein/ Spirituosen/Rotwein/083306-durbacher-kochberg-sptburgunder-rotwein-kabinett-klassik-075l.png"
          },
          {
            "image_urls": [
              "https://www.edeka24.de/out/pictures/generated/product/1/224_224_90/083316-durbacher-kochberg-sptburgunder-rotwein-kabinett-trocken-klassik-075l.png"
            ],
            "ItemTitle": "Durbacher Kochberg Spätburgunder Rotwein Kabinett trocken 0,75L",
            "ItemPrice": "8,49€",
            "ItemUnit": "11,32€/l",
            "local_image_path": "Wein/ Spirituosen/Rotwein/083316-durbacher-kochberg-sptburgunder-rotwein-kabinett-trocken-klassik-075l.png"
          },
          {
            "image_urls": [
              "https://www.edeka24.de/out/pictures/generated/product/1/224_224_90/durbacher-kollektion-sptburgunder-trocken.jpg"
            ],
            "ItemTitle": "Durbacher Kochberg Spätburgunder Rotwein KOLLEKTION trocken 0,75L",
            "ItemPrice": "5,99€",
            "ItemUnit": "7,99€/l",
            "local_image_path": "Wein/ Spirituosen/Rotwein/durbacher-kollektion-sptburgunder-trocken.jpg"
          },
          {
            "image_urls": [
              "https://www.edeka24.de/out/pictures/generated/product/1/224_224_90/durbacherspbgrotweinsptlese.jpg"
            ],
            "ItemTitle": "Durbacher Kochberg Spätburgunder Rotwein Spätlese 0,75L",
            "ItemPrice": "10,49€",
            "ItemUnit": "13,99€/l",
            "local_image_path": "Wein/ Spirituosen/Rotwein/durbacherspbgrotweinsptlese.jpg"
          },
          {
            "image_urls": [
              "https://www.edeka24.de/out/pictures/generated/product/1/224_224_90/durbacher-kochberg-sptburgunder-rotwein-sptlese-trocken.jpg"
            ],
            "ItemTitle": "Durbacher Kochberg Spätburgunder Rotwein Spätlese trocken 0,75L",
            "ItemPrice": "10,49€",
            "ItemUnit": "13,99€/l",
            "local_image_path": "Wein/ Spirituosen/Rotwein/durbacher-kochberg-sptburgunder-rotwein-sptlese-trocken.jpg"
          },
          {
            "image_urls": [
              "https://www.edeka24.de/out/pictures/generated/product/1/224_224_90/083216-durbacher-kochberg-sptburgunder-rotwein-qba-trocken-klassik-075l.png"
            ],
            "ItemTitle": "Durbacher Kochberg Spätburgunder Rotwein trocken 0,75L",
            "ItemPrice": "7,49€",
            "ItemUnit": "9,99€/l",
            "local_image_path": "Wein/ Spirituosen/Rotwein/083216-durbacher-kochberg-sptburgunder-rotwein-qba-trocken-klassik-075l.png"
          },
          {
            "image_urls": [
              "https://www.edeka24.de/out/pictures/generated/product/1/224_224_90/durbacher_pinot_noir_im_eichenfass_gereift_trocken_2016_075_ltr.jpg"
            ],
            "ItemTitle": "Durbacher Pinot Noir Im Eichenfass Gereift trocken 0,75L",
            "ItemPrice": "9,49€",
            "ItemUnit": "12,65€/l",
            "local_image_path": "Wein/ Spirituosen/Rotwein/durbacher_pinot_noir_im_eichenfass_gereift_trocken_2016_075_ltr.jpg"
          },
          {
            "image_urls": [
              "https://www.edeka24.de/out/pictures/generated/product/1/224_224_90/durbacherspbgrwhtr1l.jpg"
            ],
            "ItemTitle": "Durbacher Spätburgunder 1L",
            "ItemPrice": "6,49€",
            "ItemUnit": "6,49€/l",
            "local_image_path": "Wein/ Spirituosen/Rotwein/durbacherspbgrwhtr1l.jpg"
          },
          {
            "image_urls": [
              "https://www.edeka24.de/out/pictures/generated/product/1/224_224_90/durbacher_spamp228tburgunder_qba_trocken_1l_ew.jpg"
            ],
            "ItemTitle": "Durbacher Spätburgunder trocken 1L",
            "ItemPrice": "6,49€",
            "ItemUnit": "6,49€/l",
            "local_image_path": "Wein/ Spirituosen/Rotwein/durbacher_spamp228tburgunder_qba_trocken_1l_ew.jpg"
          },
          {
            "image_urls": [
              "https://www.edeka24.de/out/pictures/generated/product/1/224_224_90/elcotocrianza_300_p1.jpg"
            ],
            "ItemTitle": "El Coto Rioja Crianza DOC 0,75L",
            "ItemPrice": "10,49€",
            "ItemUnit": "13,99€/l",
            "local_image_path": "Wein/ Spirituosen/Rotwein/elcotocrianza_300_p1.jpg"
          },
          {
            "image_urls": [
              "https://www.edeka24.de/out/pictures/generated/product/1/224_224_90/epicuro_montepulciano_d039abruzzo_il_fondatore_doc_075l.jpg"
            ],
            "ItemTitle": "Epicuro Montepulciano d'Abruzzo Il Fondatore DOC 0,75L",
            "ItemPrice": "6,49€",
            "ItemUnit": "8,65€/l",
            "local_image_path": "Wein/ Spirituosen/Rotwein/epicuro_montepulciano_d039abruzzo_il_fondatore_doc_075l.jpg"
          },
          {
            "image_urls": [
              "https://www.edeka24.de/out/pictures/generated/product/1/224_224_90/erben_dornfelder_liebl075l.jpg"
            ],
            "ItemTitle": "Erben Dornfelder lieblich 0,75L",
            "ItemPrice": "5,49€",
            "ItemUnit": "7,32€/l",
            "local_image_path": "Wein/ Spirituosen/Rotwein/erben_dornfelder_liebl075l.jpg"
          },
          {
            "image_urls": [
              "https://www.edeka24.de/out/pictures/generated/product/1/224_224_90/escal_roja_gran_reserva_terra_alta_2008.jpg"
            ],
            "ItemTitle": "Escal Roja Gran Selección 0,75L",
            "ItemPrice": "6,49€",
            "ItemUnit": "8,65€/l",
            "local_image_path": "Wein/ Spirituosen/Rotwein/escal_roja_gran_reserva_terra_alta_2008.jpg"
          },
          {
            "image_urls": [
              "https://www.edeka24.de/out/pictures/generated/product/1/224_224_90/famangnegprim.jpg"
            ],
            "ItemTitle": "Famiglia Angelillo Negroamaro Primitivo Appassite halbtrocken 0,75L",
            "ItemPrice": "6,99€",
            "ItemUnit": "9,32€/l",
            "local_image_path": "Wein/ Spirituosen/Rotwein/famangnegprim.jpg"
          },
          {
            "image_urls": [
              "https://www.edeka24.de/out/pictures/generated/product/1/224_224_90/famangprimpug.jpg"
            ],
            "ItemTitle": "Famiglia Angelillo Primitivo Puglia IGT halbtrocken 0,75L",
            "ItemPrice": "6,99€",
            "ItemUnit": "9,32€/l",
            "local_image_path": "Wein/ Spirituosen/Rotwein/famangprimpug.jpg"
          },
          {
            "image_urls": [
              "https://www.edeka24.de/out/pictures/generated/product/1/224_224_90/lunaticoprimitivo.jpg"
            ],
            "ItemTitle": "Farnese Lunatico Primitivo 0,75L",
            "ItemPrice": "5,99€",
            "ItemUnit": "7,99€/l",
            "local_image_path": "Wein/ Spirituosen/Rotwein/lunaticoprimitivo.jpg"
          },
          {
            "image_urls": [
              "https://www.edeka24.de/out/pictures/generated/product/1/224_224_90/faustini-i-gran-reserva.jpg"
            ],
            "ItemTitle": "Faustino I Gran Reserva Rioja 0,75L",
            "ItemPrice": "16,99€",
            "ItemUnit": "22,65€/l",
            "local_image_path": "Wein/ Spirituosen/Rotwein/faustini-i-gran-reserva.jpg"
          },
          {
            "image_urls": [
              "https://www.edeka24.de/out/pictures/generated/product/1/224_224_90/faustino_v_rioja_tinto_reserva_075l.jpg"
            ],
            "ItemTitle": "Faustino V Rioja Tinto Reserva 0,75L",
            "ItemSalePrice": "9,99€",
            "ItemUnit": "13,32€/l",
            "local_image_path": "Wein/ Spirituosen/Rotwein/faustino_v_rioja_tinto_reserva_075l.jpg"
          },
          {
            "image_urls": [
              "https://www.edeka24.de/out/pictures/generated/product/1/224_224_90/fslosmolinos.jpg"
            ],
            "ItemTitle": "Felix Solis Los Molinos Gran Reserva 0,75L",
            "ItemPrice": "5,79€",
            "ItemUnit": "7,72€/l",
            "local_image_path": "Wein/ Spirituosen/Rotwein/fslosmolinos.jpg"
          },
          {
            "image_urls": [
              "https://www.edeka24.de/out/pictures/generated/product/1/224_224_90/femar_roma_rosso_doc_075l.jpg"
            ],
            "ItemTitle": "Femar Roma Rosso DOC 0,75L",
            "ItemPrice": "8,49€",
            "ItemUnit": "11,32€/l",
            "local_image_path": "Wein/ Spirituosen/Rotwein/femar_roma_rosso_doc_075l.jpg"
          },
          {
            "image_urls": [
              "https://www.edeka24.de/out/pictures/generated/product/1/224_224_90/finca-de-la-vega-tempranillo-crianza.jpg"
            ],
            "ItemTitle": "Finca de la Vega Crianza Rotwein 0,75L",
            "ItemPrice": "4,49€",
            "ItemUnit": "5,99€/l",
            "local_image_path": "Wein/ Spirituosen/Rotwein/finca-de-la-vega-tempranillo-crianza.jpg"
          },
          {
            "image_urls": [
              "https://www.edeka24.de/out/pictures/generated/product/1/224_224_90/finca-de-la-vega-tempranillo-reserva(1).jpg"
            ],
            "ItemTitle": "Finca de la Vega Reserva Rotwein 0,75L",
            "ItemPrice": "5,49€",
            "ItemUnit": "7,32€/l",
            "local_image_path": "Wein/ Spirituosen/Rotwein/finca-de-la-vega-tempranillo-reserva(1).jpg"
          },
          {
            "image_urls": [
              "https://www.edeka24.de/out/pictures/generated/product/1/224_224_90/finca_de_la_vega_rioja_reserva_2013.jpg"
            ],
            "ItemTitle": "Finca de la Vega Solariego Reserva 0,75L",
            "ItemPrice": "7,49€",
            "ItemUnit": "9,99€/l",
            "local_image_path": "Wein/ Spirituosen/Rotwein/finca_de_la_vega_rioja_reserva_2013.jpg"
          },
          {
            "image_urls": [
              "https://www.edeka24.de/out/pictures/generated/product/1/224_224_90/freixenet-mederano_tinto.jpg"
            ],
            "ItemTitle": "Freixenet Mederano Tinto Rotwein halbtrocken 0,75L",
            "ItemPrice": "4,79€",
            "ItemUnit": "6,39€/l",
            "local_image_path": "Wein/ Spirituosen/Rotwein/freixenet-mederano_tinto.jpg"
          },
          {
            "image_urls": [
              "https://www.edeka24.de/out/pictures/generated/product/1/224_224_90/doppio_passo_primitivo_di_manduria_riserva_doc_075l.jpg"
            ],
            "ItemTitle": "Doppio Passo Primitivo di Manduria Riserva DOC 0,75L",
            "ItemPrice": "11,99€",
            "ItemUnit": "15,99€/l",
            "local_image_path": "Wein/ Spirituosen/Rotwein/doppio_passo_primitivo_di_manduria_riserva_doc_075l.jpg"
          },
          {
            "image_urls": [
              "https://www.edeka24.de/out/pictures/generated/product/1/224_224_90/doppio_passo_primitivo_puglia_igt_075l.jpg"
            ],
            "ItemTitle": "Doppio Passo Primitivo Puglia IGT 0,75L",
            "ItemPrice": "8,49€",
            "ItemUnit": "11,32€/l",
            "local_image_path": "Wein/ Spirituosen/Rotwein/doppio_passo_primitivo_puglia_igt_075l.jpg"
          },
          {
            "image_urls": [
              "https://www.edeka24.de/out/pictures/generated/product/1/224_224_90/doppio-passo_primitivo_karton.jpg"
            ],
            "ItemTitle": "Doppio Passo Primitivo Puglia IGT 6x0,75l KARTON",
            "ItemPrice": "46,74€",
            "ItemUnit": "10,39€/l",
            "local_image_path": "Wein/ Spirituosen/Rotwein/doppio-passo_primitivo_karton.jpg"
          },
          {
            "image_urls": [
              "https://www.edeka24.de/out/pictures/generated/product/1/224_224_90/doppio_rosso_primitivo_merlot_puglia_igt_075l.jpg"
            ],
            "ItemTitle": "Doppio Rosso Primitivo Merlot IGT 0,75L",
            "ItemPrice": "5,49€",
            "ItemUnit": "7,32€/l",
            "local_image_path": "Wein/ Spirituosen/Rotwein/doppio_rosso_primitivo_merlot_puglia_igt_075l.jpg"
          },
          {
            "image_urls": [
              "https://www.edeka24.de/out/pictures/generated/product/1/224_224_90/ducadicarosinoprimitivo.jpg"
            ],
            "ItemTitle": "Duca di Carosino Primitivo Puglia IGP 0,75L",
            "ItemPrice": "8,99€",
            "ItemUnit": "11,99€/l",
            "local_image_path": "Wein/ Spirituosen/Rotwein/ducadicarosinoprimitivo.jpg"
          },
          {
            "image_urls": [
              "https://www.edeka24.de/out/pictures/generated/product/1/224_224_90/durbacher-kollektion-sptburgunder-lieblich.jpg"
            ],
            "ItemTitle": "Durbacher Kochberg Spätburgunder Kollektion lieblich 0,75L",
            "ItemPrice": "5,99€",
            "ItemUnit": "7,99€/l",
            "local_image_path": "Wein/ Spirituosen/Rotwein/durbacher-kollektion-sptburgunder-lieblich.jpg"
          },
          {
            "image_urls": [
              "https://www.edeka24.de/out/pictures/generated/product/1/224_224_90/083306-durbacher-kochberg-sptburgunder-rotwein-kabinett-klassik-075l.png"
            ],
            "ItemTitle": "Durbacher Kochberg Spätburgunder Rotwein Kabinett 0,75L",
            "ItemPrice": "8,49€",
            "ItemUnit": "11,32€/l",
            "local_image_path": "Wein/ Spirituosen/Rotwein/083306-durbacher-kochberg-sptburgunder-rotwein-kabinett-klassik-075l.png"
          },
          {
            "image_urls": [
              "https://www.edeka24.de/out/pictures/generated/product/1/224_224_90/083316-durbacher-kochberg-sptburgunder-rotwein-kabinett-trocken-klassik-075l.png"
            ],
            "ItemTitle": "Durbacher Kochberg Spätburgunder Rotwein Kabinett trocken 0,75L",
            "ItemPrice": "8,49€",
            "ItemUnit": "11,32€/l",
            "local_image_path": "Wein/ Spirituosen/Rotwein/083316-durbacher-kochberg-sptburgunder-rotwein-kabinett-trocken-klassik-075l.png"
          },
          {
            "image_urls": [
              "https://www.edeka24.de/out/pictures/generated/product/1/224_224_90/durbacher-kollektion-sptburgunder-trocken.jpg"
            ],
            "ItemTitle": "Durbacher Kochberg Spätburgunder Rotwein KOLLEKTION trocken 0,75L",
            "ItemPrice": "5,99€",
            "ItemUnit": "7,99€/l",
            "local_image_path": "Wein/ Spirituosen/Rotwein/durbacher-kollektion-sptburgunder-trocken.jpg"
          },
          {
            "image_urls": [
              "https://www.edeka24.de/out/pictures/generated/product/1/224_224_90/durbacherspbgrotweinsptlese.jpg"
            ],
            "ItemTitle": "Durbacher Kochberg Spätburgunder Rotwein Spätlese 0,75L",
            "ItemPrice": "10,49€",
            "ItemUnit": "13,99€/l",
            "local_image_path": "Wein/ Spirituosen/Rotwein/durbacherspbgrotweinsptlese.jpg"
          },
          {
            "image_urls": [
              "https://www.edeka24.de/out/pictures/generated/product/1/224_224_90/durbacher-kochberg-sptburgunder-rotwein-sptlese-trocken.jpg"
            ],
            "ItemTitle": "Durbacher Kochberg Spätburgunder Rotwein Spätlese trocken 0,75L",
            "ItemPrice": "10,49€",
            "ItemUnit": "13,99€/l",
            "local_image_path": "Wein/ Spirituosen/Rotwein/durbacher-kochberg-sptburgunder-rotwein-sptlese-trocken.jpg"
          },
          {
            "image_urls": [
              "https://www.edeka24.de/out/pictures/generated/product/1/224_224_90/083216-durbacher-kochberg-sptburgunder-rotwein-qba-trocken-klassik-075l.png"
            ],
            "ItemTitle": "Durbacher Kochberg Spätburgunder Rotwein trocken 0,75L",
            "ItemPrice": "7,49€",
            "ItemUnit": "9,99€/l",
            "local_image_path": "Wein/ Spirituosen/Rotwein/083216-durbacher-kochberg-sptburgunder-rotwein-qba-trocken-klassik-075l.png"
          },
          {
            "image_urls": [
              "https://www.edeka24.de/out/pictures/generated/product/1/224_224_90/durbacher_pinot_noir_im_eichenfass_gereift_trocken_2016_075_ltr.jpg"
            ],
            "ItemTitle": "Durbacher Pinot Noir Im Eichenfass Gereift trocken 0,75L",
            "ItemPrice": "9,49€",
            "ItemUnit": "12,65€/l",
            "local_image_path": "Wein/ Spirituosen/Rotwein/durbacher_pinot_noir_im_eichenfass_gereift_trocken_2016_075_ltr.jpg"
          },
          {
            "image_urls": [
              "https://www.edeka24.de/out/pictures/generated/product/1/224_224_90/durbacherspbgrwhtr1l.jpg"
            ],
            "ItemTitle": "Durbacher Spätburgunder 1L",
            "ItemPrice": "6,49€",
            "ItemUnit": "6,49€/l",
            "local_image_path": "Wein/ Spirituosen/Rotwein/durbacherspbgrwhtr1l.jpg"
          },
          {
            "image_urls": [
              "https://www.edeka24.de/out/pictures/generated/product/1/224_224_90/durbacher_spamp228tburgunder_qba_trocken_1l_ew.jpg"
            ],
            "ItemTitle": "Durbacher Spätburgunder trocken 1L",
            "ItemPrice": "6,49€",
            "ItemUnit": "6,49€/l",
            "local_image_path": "Wein/ Spirituosen/Rotwein/durbacher_spamp228tburgunder_qba_trocken_1l_ew.jpg"
          },
          {
            "image_urls": [
              "https://www.edeka24.de/out/pictures/generated/product/1/224_224_90/elcotocrianza_300_p1.jpg"
            ],
            "ItemTitle": "El Coto Rioja Crianza DOC 0,75L",
            "ItemPrice": "10,49€",
            "ItemUnit": "13,99€/l",
            "local_image_path": "Wein/ Spirituosen/Rotwein/elcotocrianza_300_p1.jpg"
          },
          {
            "image_urls": [
              "https://www.edeka24.de/out/pictures/generated/product/1/224_224_90/epicuro_montepulciano_d039abruzzo_il_fondatore_doc_075l.jpg"
            ],
            "ItemTitle": "Epicuro Montepulciano d'Abruzzo Il Fondatore DOC 0,75L",
            "ItemPrice": "6,49€",
            "ItemUnit": "8,65€/l",
            "local_image_path": "Wein/ Spirituosen/Rotwein/epicuro_montepulciano_d039abruzzo_il_fondatore_doc_075l.jpg"
          },
          {
            "image_urls": [
              "https://www.edeka24.de/out/pictures/generated/product/1/224_224_90/erben_dornfelder_liebl075l.jpg"
            ],
            "ItemTitle": "Erben Dornfelder lieblich 0,75L",
            "ItemPrice": "5,49€",
            "ItemUnit": "7,32€/l",
            "local_image_path": "Wein/ Spirituosen/Rotwein/erben_dornfelder_liebl075l.jpg"
          },
          {
            "image_urls": [
              "https://www.edeka24.de/out/pictures/generated/product/1/224_224_90/escal_roja_gran_reserva_terra_alta_2008.jpg"
            ],
            "ItemTitle": "Escal Roja Gran Selección 0,75L",
            "ItemPrice": "6,49€",
            "ItemUnit": "8,65€/l",
            "local_image_path": "Wein/ Spirituosen/Rotwein/escal_roja_gran_reserva_terra_alta_2008.jpg"
          },
          {
            "image_urls": [
              "https://www.edeka24.de/out/pictures/generated/product/1/224_224_90/famangnegprim.jpg"
            ],
            "ItemTitle": "Famiglia Angelillo Negroamaro Primitivo Appassite halbtrocken 0,75L",
            "ItemPrice": "6,99€",
            "ItemUnit": "9,32€/l",
            "local_image_path": "Wein/ Spirituosen/Rotwein/famangnegprim.jpg"
          },
          {
            "image_urls": [
              "https://www.edeka24.de/out/pictures/generated/product/1/224_224_90/famangprimpug.jpg"
            ],
            "ItemTitle": "Famiglia Angelillo Primitivo Puglia IGT halbtrocken 0,75L",
            "ItemPrice": "6,99€",
            "ItemUnit": "9,32€/l",
            "local_image_path": "Wein/ Spirituosen/Rotwein/famangprimpug.jpg"
          },
          {
            "image_urls": [
              "https://www.edeka24.de/out/pictures/generated/product/1/224_224_90/lunaticoprimitivo.jpg"
            ],
            "ItemTitle": "Farnese Lunatico Primitivo 0,75L",
            "ItemPrice": "5,99€",
            "ItemUnit": "7,99€/l",
            "local_image_path": "Wein/ Spirituosen/Rotwein/lunaticoprimitivo.jpg"
          },
          {
            "image_urls": [
              "https://www.edeka24.de/out/pictures/generated/product/1/224_224_90/faustini-i-gran-reserva.jpg"
            ],
            "ItemTitle": "Faustino I Gran Reserva Rioja 0,75L",
            "ItemPrice": "16,99€",
            "ItemUnit": "22,65€/l",
            "local_image_path": "Wein/ Spirituosen/Rotwein/faustini-i-gran-reserva.jpg"
          },
          {
            "image_urls": [
              "https://www.edeka24.de/out/pictures/generated/product/1/224_224_90/faustino_v_rioja_tinto_reserva_075l.jpg"
            ],
            "ItemTitle": "Faustino V Rioja Tinto Reserva 0,75L",
            "ItemSalePrice": "9,99€",
            "ItemUnit": "13,32€/l",
            "local_image_path": "Wein/ Spirituosen/Rotwein/faustino_v_rioja_tinto_reserva_075l.jpg"
          },
          {
            "image_urls": [
              "https://www.edeka24.de/out/pictures/generated/product/1/224_224_90/fslosmolinos.jpg"
            ],
            "ItemTitle": "Felix Solis Los Molinos Gran Reserva 0,75L",
            "ItemPrice": "5,79€",
            "ItemUnit": "7,72€/l",
            "local_image_path": "Wein/ Spirituosen/Rotwein/fslosmolinos.jpg"
          },
          {
            "image_urls": [
              "https://www.edeka24.de/out/pictures/generated/product/1/224_224_90/femar_roma_rosso_doc_075l.jpg"
            ],
            "ItemTitle": "Femar Roma Rosso DOC 0,75L",
            "ItemPrice": "8,49€",
            "ItemUnit": "11,32€/l",
            "local_image_path": "Wein/ Spirituosen/Rotwein/femar_roma_rosso_doc_075l.jpg"
          },
          {
            "image_urls": [
              "https://www.edeka24.de/out/pictures/generated/product/1/224_224_90/finca-de-la-vega-tempranillo-crianza.jpg"
            ],
            "ItemTitle": "Finca de la Vega Crianza Rotwein 0,75L",
            "ItemPrice": "4,49€",
            "ItemUnit": "5,99€/l",
            "local_image_path": "Wein/ Spirituosen/Rotwein/finca-de-la-vega-tempranillo-crianza.jpg"
          },
          {
            "image_urls": [
              "https://www.edeka24.de/out/pictures/generated/product/1/224_224_90/finca-de-la-vega-tempranillo-reserva(1).jpg"
            ],
            "ItemTitle": "Finca de la Vega Reserva Rotwein 0,75L",
            "ItemPrice": "5,49€",
            "ItemUnit": "7,32€/l",
            "local_image_path": "Wein/ Spirituosen/Rotwein/finca-de-la-vega-tempranillo-reserva(1).jpg"
          },
          {
            "image_urls": [
              "https://www.edeka24.de/out/pictures/generated/product/1/224_224_90/finca_de_la_vega_rioja_reserva_2013.jpg"
            ],
            "ItemTitle": "Finca de la Vega Solariego Reserva 0,75L",
            "ItemPrice": "7,49€",
            "ItemUnit": "9,99€/l",
            "local_image_path": "Wein/ Spirituosen/Rotwein/finca_de_la_vega_rioja_reserva_2013.jpg"
          },
          {
            "image_urls": [
              "https://www.edeka24.de/out/pictures/generated/product/1/224_224_90/freixenet-mederano_tinto.jpg"
            ],
            "ItemTitle": "Freixenet Mederano Tinto Rotwein halbtrocken 0,75L",
            "ItemPrice": "4,79€",
            "ItemUnit": "6,39€/l",
            "local_image_path": "Wein/ Spirituosen/Rotwein/freixenet-mederano_tinto.jpg"
          },
          {
            "image_urls": [
              "https://www.edeka24.de/out/pictures/generated/product/1/224_224_90/leopardsleapmerlot.jpg"
            ],
            "ItemTitle": "Leopards Leap Merlot 0,75L",
            "ItemPrice": "7,99€",
            "ItemUnit": "10,65€/l",
            "local_image_path": "Wein/ Spirituosen/Spirituosen/highland_park_18_jahre_single_malt_whisky.jpg"
          },
          {
            "image_urls": [
              "https://www.edeka24.de/out/pictures/generated/product/1/224_224_90/leopardsleapshiraz.jpg"
            ],
            "ItemTitle": "Leopards Leap Shiraz 0,75L",
            "ItemPrice": "7,99€",
            "ItemUnit": "10,65€/l",
            "local_image_path": "Wein/ Spirituosen/Rotwein/leopardsleapshiraz.jpg"
          },
          {
            "image_urls": [
              "https://www.edeka24.de/out/pictures/generated/product/1/224_224_90/les_armes_de_france_cabernet_sauvignon_rotwein_trocken_075l.jpg"
            ],
            "ItemTitle": "Les Arômes de France Cabernet Sauvignon Rotwein trocken 0,75L",
            "ItemPrice": "5,49€",
            "ItemUnit": "7,32€/l",
            "local_image_path": "Wein/ Spirituosen/Rotwein/les_armes_de_france_cabernet_sauvignon_rotwein_trocken_075l.jpg"
          },
          {
            "image_urls": [
              "https://www.edeka24.de/out/pictures/generated/product/1/224_224_90/les_armes_de_france_merlot_rotwein_trocken_075l.jpg"
            ],
            "ItemTitle": "Les Arômes de France Merlot Rotwein trocken 0,75L",
            "ItemPrice": "5,49€",
            "ItemUnit": "7,32€/l",
            "local_image_path": "Wein/ Spirituosen/Rotwein/les_armes_de_france_merlot_rotwein_trocken_075l.jpg"
          },
          {
            "image_urls": [
              "https://www.edeka24.de/out/pictures/generated/product/1/224_224_90/mezzacoronalagrein.jpg"
            ],
            "ItemTitle": "Mezzacorona Lagrein DOC Rotwein 0,75L",
            "ItemPrice": "5,49€",
            "ItemUnit": "7,32€/l",
            "local_image_path": "Wein/ Spirituosen/Rotwein/mezzacoronalagrein.jpg"
          },
          {
            "image_urls": [
              "https://www.edeka24.de/out/pictures/generated/product/1/224_224_90/mezzacoronamerlot.jpg"
            ],
            "ItemTitle": "Mezzacorona Merlot DOC Rotwein 0,75L",
            "ItemPrice": "5,99€",
            "ItemUnit": "7,99€/l",
            "local_image_path": "Wein/ Spirituosen/Rotwein/mezzacoronamerlot.jpg"
          },
          {
            "image_urls": [
              "https://www.edeka24.de/out/pictures/generated/product/1/224_224_90/mezzacoronateroldego.jpg"
            ],
            "ItemTitle": "Mezzacorona Teroldego Rotaliano DOC Rotwein 0,75L",
            "ItemPrice": "5,99€",
            "ItemUnit": "7,99€/l",
            "local_image_path": "Wein/ Spirituosen/Rotwein/mezzacoronateroldego.jpg"
          },
          {
            "image_urls": [
              "https://www.edeka24.de/out/pictures/generated/product/1/224_224_90/sangretorospecsel.jpg"
            ],
            "ItemTitle": "Miguel Torres Sangre de Toro Special Selection 0,75L",
            "ItemPrice": "8,99€",
            "ItemUnit": "11,99€/l",
            "local_image_path": "Wein/ Spirituosen/Rotwein/sangretorospecsel.jpg"
          },
          {
            "image_urls": [
              "https://www.edeka24.de/out/pictures/generated/product/1/224_224_90/nicolas-napoleon-bordeaux-neu.jpg"
            ],
            "ItemTitle": "Monopoles Nicolas Napoleon Bordeaux 0,75L",
            "ItemPrice": "6,99€",
            "ItemUnit": "9,32€/l",
            "local_image_path": "Wein/ Spirituosen/Rotwein/nicolas-napoleon-bordeaux-neu.jpg"
          },
          {
            "image_urls": [
              "https://www.edeka24.de/out/pictures/generated/product/1/224_224_90/nederburg_varietals_cabernet_sauvignon_trocken_075l.jpg"
            ],
            "ItemTitle": "Nederburg Cabernet Sauvignon trocken 0,75L",
            "ItemPrice": "6,29€",
            "ItemUnit": "8,39€/l",
            "local_image_path": "Wein/ Spirituosen/Rotwein/nederburg_varietals_cabernet_sauvignon_trocken_075l.jpg"
          },
          {
            "image_urls": [
              "https://www.edeka24.de/out/pictures/generated/product/1/224_224_90/nederburg_varietals_merlot_trocken_075l.jpg"
            ],
            "ItemTitle": "Nederburg Merlot trocken 0,75L",
            "ItemPrice": "6,29€",
            "ItemUnit": "8,39€/l",
            "local_image_path": "Wein/ Spirituosen/Rotwein/nederburg_varietals_merlot_trocken_075l.jpg"
          },
          {
            "image_urls": [
              "https://www.edeka24.de/out/pictures/generated/product/1/224_224_90/nopic.jpg"
            ],
            "ItemTitle": "Nordmazedonischer Rotwein lieblich 1l",
            "ItemPrice": "2,39€",
            "ItemUnit": "2,39€/l",
            "local_image_path": "Wein/ Spirituosen/Rotwein/nopic.jpg"
          },
          {
            "image_urls": [
              "https://www.edeka24.de/out/pictures/generated/product/1/224_224_90/novantaceppirosso.jpg"
            ],
            "ItemTitle": "Novantaceppi Appassimento Rosso Puglia 2020 0,75L",
            "ItemPrice": "7,49€",
            "ItemUnit": "9,99€/l",
            "local_image_path": "Wein/ Spirituosen/Rotwein/novantaceppirosso.jpg"
          },
          {
            "image_urls": [
              "https://www.edeka24.de/out/pictures/generated/product/1/224_224_90/81249_90ceppi_primitivodimanduria_expertise.jpg"
            ],
            "ItemTitle": "Novantaceppi Primitivo Di Manduria halbtrocken 2020 0,75L",
            "ItemSalePrice": "8,79€",
            "ItemUnit": "11,72€/l",
            "local_image_path": "Wein/ Spirituosen/Rotwein/81249_90ceppi_primitivodimanduria_expertise.jpg"
          },
          {
            "image_urls": [
              "https://www.edeka24.de/out/pictures/generated/product/1/224_224_90/novantaceppiprimitivo.jpg"
            ],
            "ItemTitle": "Novantaceppi Primitivo Puglia 0,75L",
            "ItemSalePrice": "4,99€",
            "ItemUnit": "6,65€/l",
            "local_image_path": "Wein/ Spirituosen/Rotwein/novantaceppiprimitivo.jpg"
          },
          {
            "image_urls": [
              "https://www.edeka24.de/out/pictures/generated/product/1/224_224_90/oberkircher-sptburgunder-rotwein.jpg"
            ],
            "ItemTitle": "Oberkircher Spätburgunder Rotwein 0,75L",
            "ItemPrice": "6,99€",
            "ItemUnit": "9,32€/l",
            "local_image_path": "Wein/ Spirituosen/Rotwein/oberkircher-sptburgunder-rotwein.jpg"
          },
          {
            "image_urls": [
              "https://www.edeka24.de/out/pictures/generated/product/1/224_224_90/oberkircher-sptburgunder-rotwein-trocken.jpg"
            ],
            "ItemTitle": "Oberkircher Spätburgunder Rotwein trocken 0,75L",
            "ItemPrice": "6,99€",
            "ItemUnit": "9,32€/l",
            "local_image_path": "Wein/ Spirituosen/Rotwein/oberkircher-sptburgunder-rotwein-trocken.jpg"
          },
          {
            "image_urls": [
              "https://www.edeka24.de/out/pictures/generated/product/1/224_224_90/oberrotweiler_henkenberg_sptburgunder_rotwein_trocken_075_ltr.jpg"
            ],
            "ItemTitle": "Oberrotweiler Henkenberg Spätburgunder Rotwein trocken 0,75l",
            "ItemSalePrice": "4,99€",
            "ItemUnit": "6,65€/l",
            "local_image_path": "Wein/ Spirituosen/Rotwein/oberrotweiler_henkenberg_sptburgunder_rotwein_trocken_075_ltr.jpg"
          },
          {
            "image_urls": [
              "https://www.edeka24.de/out/pictures/generated/product/1/224_224_90/oleadatempranillo.jpg"
            ],
            "ItemTitle": "Oleada Barcelona Tempranillo halbtrocken 0,75L",
            "ItemPrice": "5,49€",
            "ItemUnit": "7,32€/l",
            "local_image_path": "Wein/ Spirituosen/Rotwein/oleadatempranillo.jpg"
          },
          {
            "image_urls": [
              "https://www.edeka24.de/out/pictures/generated/product/1/224_224_90/ortenauer_weinkeller_affentaler_sptburgunder_2018_075l.jpg"
            ],
            "ItemTitle": "Ortenauer Weinkeller Affentaler Spätburgunder 0,75L",
            "ItemPrice": "4,99€",
            "ItemUnit": "6,65€/l",
            "local_image_path": "Wein/ Spirituosen/Rotwein/ortenauer_weinkeller_affentaler_sptburgunder_2018_075l.jpg"
          },
          {
            "image_urls": [
              "https://www.edeka24.de/out/pictures/generated/product/1/224_224_90/ortenauer_weinkeller_affentaler_sptburgunder_trocken.jpg"
            ],
            "ItemTitle": "Ortenauer Weinkeller Affentaler Spätburgunder trocken 0,75L",
            "ItemPrice": "5,29€",
            "ItemUnit": "7,05€/l",
            "local_image_path": "Wein/ Spirituosen/Rotwein/ortenauer_weinkeller_affentaler_sptburgunder_trocken.jpg"
          },
          {
            "image_urls": [
              "https://www.edeka24.de/out/pictures/generated/product/1/224_224_90/owkcharacterkopf53sptburgunderkabinetttrockenjpg.jpg"
            ],
            "ItemTitle": "Ortenauer Weinkeller Baden Spätburgunder Kabinett trocken 0,75L",
            "ItemPrice": "7,49€",
            "ItemUnit": "9,99€/l",
            "local_image_path": "Wein/ Spirituosen/Rotwein/owkcharacterkopf53sptburgunderkabinetttrockenjpg.jpg"
          },
          {
            "image_urls": [
              "https://www.edeka24.de/out/pictures/generated/product/1/224_224_90/owk-sptburgunder-echt-suess.jpg"
            ],
            "ItemTitle": "Ortenauer Weinkeller Echt Süß Spätburgunder Rotwein 0,75L",
            "ItemPrice": "3,99€",
            "ItemUnit": "5,32€/l",
            "local_image_path": "Wein/ Spirituosen/Rotwein/owk-sptburgunder-echt-suess.jpg"
          },
          {
            "image_urls": [
              "https://www.edeka24.de/out/pictures/generated/product/1/224_224_90/ortenauer-weinkeller-lecker-samtig.jpg"
            ],
            "ItemTitle": "Ortenauer Weinkeller Lecker & Samtig Rotwein Cuvée feinherb 0,75L",
            "ItemPrice": "4,29€",
            "ItemUnit": "5,72€/l",
            "local_image_path": "Wein/ Spirituosen/Rotwein/ortenauer-weinkeller-lecker-samtig.jpg"
          },
          {
            "image_urls": [
              "https://www.edeka24.de/out/pictures/generated/product/1/224_224_90/owknostrum.jpg"
            ],
            "ItemTitle": "Ortenauer Weinkeller Nostrum Spätburgunder trocken 0,75L",
            "ItemPrice": "20,99€",
            "ItemUnit": "27,99€/l",
            "local_image_path": "Wein/ Spirituosen/Rotwein/owknostrum.jpg"
          },
          {
            "image_urls": [
              "https://www.edeka24.de/out/pictures/generated/product/1/224_224_90/owk_klassiker_pinot_noir_001_druck-4.jpg"
            ],
            "ItemTitle": "Ortenauer Weinkeller Pinot Noir Merlot trocken 0,75L",
            "ItemPrice": "5,29€",
            "ItemUnit": "7,05€/l",
            "local_image_path": "Wein/ Spirituosen/Rotwein/owk_klassiker_pinot_noir_001_druck-4.jpg"
          },
          {
            "image_urls": [
              "https://www.edeka24.de/out/pictures/generated/product/1/224_224_90/winzerserie_baden_pinot_noir_qualitamp228tswein_trocken_075l.jpg"
            ],
            "ItemTitle": "Ortenauer Weinkeller Pinot Noir trocken 0,75L",
            "ItemPrice": "6,49€",
            "ItemUnit": "8,65€/l",
            "local_image_path": "Wein/ Spirituosen/Rotwein/winzerserie_baden_pinot_noir_qualitamp228tswein_trocken_075l.jpg"
          },
          {
            "image_urls": [
              "https://www.edeka24.de/out/pictures/generated/product/1/224_224_90/osborne_solaz_tempranillo_cabernet_sauvignon_rotwein_2014.jpg"
            ],
            "ItemTitle": "Osborne Solaz Tempranillo Cabernet Sauvignon Rotwein 0,75L",
            "ItemPrice": "5,59€",
            "ItemUnit": "7,45€/l",
            "local_image_path": "Wein/ Spirituosen/Rotwein/osborne_solaz_tempranillo_cabernet_sauvignon_rotwein_2014.jpg"
          },
          {
            "image_urls": [
              "https://www.edeka24.de/out/pictures/generated/product/1/224_224_90/overseas_cabernet_sauvignon_chile_trocken_075l.jpg"
            ],
            "ItemTitle": "OverSeas Cabernet Sauvignon Chile trocken 0,75L",
            "ItemPrice": "2,49€",
            "ItemUnit": "3,32€/l",
            "local_image_path": "Wein/ Spirituosen/Rotwein/overseas_cabernet_sauvignon_chile_trocken_075l.jpg"
          },
          {
            "image_urls": [
              "https://www.edeka24.de/out/pictures/generated/product/1/224_224_90/overseas_cabernet_sauvignon_merlot_samp252dafrika_samp252amp223_075l.jpg"
            ],
            "ItemTitle": "OverSeas Cabernet Sauvignon Merlot süss 0,75L",
            "ItemPrice": "3,49€",
            "ItemUnit": "4,65€/l",
            "local_image_path": "Wein/ Spirituosen/Rotwein/overseas_cabernet_sauvignon_merlot_samp252dafrika_samp252amp223_075l.jpg"
          },
          {
            "image_urls": [
              "https://www.edeka24.de/out/pictures/generated/product/1/224_224_90/leopardsleapmerlot.jpg"
            ],
            "ItemTitle": "Leopards Leap Merlot 0,75L",
            "ItemPrice": "7,99€",
            "ItemUnit": "10,65€/l",
            "local_image_path": "Wein/ Spirituosen/Spirituosen/highland_park_18_jahre_single_malt_whisky.jpg"
          },
          {
            "image_urls": [
              "https://www.edeka24.de/out/pictures/generated/product/1/224_224_90/leopardsleapshiraz.jpg"
            ],
            "ItemTitle": "Leopards Leap Shiraz 0,75L",
            "ItemPrice": "7,99€",
            "ItemUnit": "10,65€/l",
            "local_image_path": "Wein/ Spirituosen/Rotwein/leopardsleapshiraz.jpg"
          },
          {
            "image_urls": [
              "https://www.edeka24.de/out/pictures/generated/product/1/224_224_90/les_armes_de_france_cabernet_sauvignon_rotwein_trocken_075l.jpg"
            ],
            "ItemTitle": "Les Arômes de France Cabernet Sauvignon Rotwein trocken 0,75L",
            "ItemPrice": "5,49€",
            "ItemUnit": "7,32€/l",
            "local_image_path": "Wein/ Spirituosen/Rotwein/les_armes_de_france_cabernet_sauvignon_rotwein_trocken_075l.jpg"
          },
          {
            "image_urls": [
              "https://www.edeka24.de/out/pictures/generated/product/1/224_224_90/les_armes_de_france_merlot_rotwein_trocken_075l.jpg"
            ],
            "ItemTitle": "Les Arômes de France Merlot Rotwein trocken 0,75L",
            "ItemPrice": "5,49€",
            "ItemUnit": "7,32€/l",
            "local_image_path": "Wein/ Spirituosen/Rotwein/les_armes_de_france_merlot_rotwein_trocken_075l.jpg"
          },
          {
            "image_urls": [
              "https://www.edeka24.de/out/pictures/generated/product/1/224_224_90/mezzacoronalagrein.jpg"
            ],
            "ItemTitle": "Mezzacorona Lagrein DOC Rotwein 0,75L",
            "ItemPrice": "5,49€",
            "ItemUnit": "7,32€/l",
            "local_image_path": "Wein/ Spirituosen/Rotwein/mezzacoronalagrein.jpg"
          },
          {
            "image_urls": [
              "https://www.edeka24.de/out/pictures/generated/product/1/224_224_90/mezzacoronamerlot.jpg"
            ],
            "ItemTitle": "Mezzacorona Merlot DOC Rotwein 0,75L",
            "ItemPrice": "5,99€",
            "ItemUnit": "7,99€/l",
            "local_image_path": "Wein/ Spirituosen/Rotwein/mezzacoronamerlot.jpg"
          },
          {
            "image_urls": [
              "https://www.edeka24.de/out/pictures/generated/product/1/224_224_90/mezzacoronateroldego.jpg"
            ],
            "ItemTitle": "Mezzacorona Teroldego Rotaliano DOC Rotwein 0,75L",
            "ItemPrice": "5,99€",
            "ItemUnit": "7,99€/l",
            "local_image_path": "Wein/ Spirituosen/Rotwein/mezzacoronateroldego.jpg"
          },
          {
            "image_urls": [
              "https://www.edeka24.de/out/pictures/generated/product/1/224_224_90/sangretorospecsel.jpg"
            ],
            "ItemTitle": "Miguel Torres Sangre de Toro Special Selection 0,75L",
            "ItemPrice": "8,99€",
            "ItemUnit": "11,99€/l",
            "local_image_path": "Wein/ Spirituosen/Rotwein/sangretorospecsel.jpg"
          },
          {
            "image_urls": [
              "https://www.edeka24.de/out/pictures/generated/product/1/224_224_90/nicolas-napoleon-bordeaux-neu.jpg"
            ],
            "ItemTitle": "Monopoles Nicolas Napoleon Bordeaux 0,75L",
            "ItemPrice": "6,99€",
            "ItemUnit": "9,32€/l",
            "local_image_path": "Wein/ Spirituosen/Rotwein/nicolas-napoleon-bordeaux-neu.jpg"
          },
          {
            "image_urls": [
              "https://www.edeka24.de/out/pictures/generated/product/1/224_224_90/nederburg_varietals_cabernet_sauvignon_trocken_075l.jpg"
            ],
            "ItemTitle": "Nederburg Cabernet Sauvignon trocken 0,75L",
            "ItemPrice": "6,29€",
            "ItemUnit": "8,39€/l",
            "local_image_path": "Wein/ Spirituosen/Rotwein/nederburg_varietals_cabernet_sauvignon_trocken_075l.jpg"
          },
          {
            "image_urls": [
              "https://www.edeka24.de/out/pictures/generated/product/1/224_224_90/nederburg_varietals_merlot_trocken_075l.jpg"
            ],
            "ItemTitle": "Nederburg Merlot trocken 0,75L",
            "ItemPrice": "6,29€",
            "ItemUnit": "8,39€/l",
            "local_image_path": "Wein/ Spirituosen/Rotwein/nederburg_varietals_merlot_trocken_075l.jpg"
          },
          {
            "image_urls": [
              "https://www.edeka24.de/out/pictures/generated/product/1/224_224_90/nopic.jpg"
            ],
            "ItemTitle": "Nordmazedonischer Rotwein lieblich 1l",
            "ItemPrice": "2,39€",
            "ItemUnit": "2,39€/l",
            "local_image_path": "Wein/ Spirituosen/Rotwein/nopic.jpg"
          },
          {
            "image_urls": [
              "https://www.edeka24.de/out/pictures/generated/product/1/224_224_90/novantaceppirosso.jpg"
            ],
            "ItemTitle": "Novantaceppi Appassimento Rosso Puglia 2020 0,75L",
            "ItemPrice": "7,49€",
            "ItemUnit": "9,99€/l",
            "local_image_path": "Wein/ Spirituosen/Rotwein/novantaceppirosso.jpg"
          },
          {
            "image_urls": [
              "https://www.edeka24.de/out/pictures/generated/product/1/224_224_90/81249_90ceppi_primitivodimanduria_expertise.jpg"
            ],
            "ItemTitle": "Novantaceppi Primitivo Di Manduria halbtrocken 2020 0,75L",
            "ItemSalePrice": "8,79€",
            "ItemUnit": "11,72€/l",
            "local_image_path": "Wein/ Spirituosen/Rotwein/81249_90ceppi_primitivodimanduria_expertise.jpg"
          },
          {
            "image_urls": [
              "https://www.edeka24.de/out/pictures/generated/product/1/224_224_90/novantaceppiprimitivo.jpg"
            ],
            "ItemTitle": "Novantaceppi Primitivo Puglia 0,75L",
            "ItemSalePrice": "4,99€",
            "ItemUnit": "6,65€/l",
            "local_image_path": "Wein/ Spirituosen/Rotwein/novantaceppiprimitivo.jpg"
          },
          {
            "image_urls": [
              "https://www.edeka24.de/out/pictures/generated/product/1/224_224_90/oberkircher-sptburgunder-rotwein.jpg"
            ],
            "ItemTitle": "Oberkircher Spätburgunder Rotwein 0,75L",
            "ItemPrice": "6,99€",
            "ItemUnit": "9,32€/l",
            "local_image_path": "Wein/ Spirituosen/Rotwein/oberkircher-sptburgunder-rotwein.jpg"
          },
          {
            "image_urls": [
              "https://www.edeka24.de/out/pictures/generated/product/1/224_224_90/oberkircher-sptburgunder-rotwein-trocken.jpg"
            ],
            "ItemTitle": "Oberkircher Spätburgunder Rotwein trocken 0,75L",
            "ItemPrice": "6,99€",
            "ItemUnit": "9,32€/l",
            "local_image_path": "Wein/ Spirituosen/Rotwein/oberkircher-sptburgunder-rotwein-trocken.jpg"
          },
          {
            "image_urls": [
              "https://www.edeka24.de/out/pictures/generated/product/1/224_224_90/oberrotweiler_henkenberg_sptburgunder_rotwein_trocken_075_ltr.jpg"
            ],
            "ItemTitle": "Oberrotweiler Henkenberg Spätburgunder Rotwein trocken 0,75l",
            "ItemSalePrice": "4,99€",
            "ItemUnit": "6,65€/l",
            "local_image_path": "Wein/ Spirituosen/Rotwein/oberrotweiler_henkenberg_sptburgunder_rotwein_trocken_075_ltr.jpg"
          },
          {
            "image_urls": [
              "https://www.edeka24.de/out/pictures/generated/product/1/224_224_90/oleadatempranillo.jpg"
            ],
            "ItemTitle": "Oleada Barcelona Tempranillo halbtrocken 0,75L",
            "ItemPrice": "5,49€",
            "ItemUnit": "7,32€/l",
            "local_image_path": "Wein/ Spirituosen/Rotwein/oleadatempranillo.jpg"
          },
          {
            "image_urls": [
              "https://www.edeka24.de/out/pictures/generated/product/1/224_224_90/ortenauer_weinkeller_affentaler_sptburgunder_2018_075l.jpg"
            ],
            "ItemTitle": "Ortenauer Weinkeller Affentaler Spätburgunder 0,75L",
            "ItemPrice": "4,99€",
            "ItemUnit": "6,65€/l",
            "local_image_path": "Wein/ Spirituosen/Rotwein/ortenauer_weinkeller_affentaler_sptburgunder_2018_075l.jpg"
          },
          {
            "image_urls": [
              "https://www.edeka24.de/out/pictures/generated/product/1/224_224_90/ortenauer_weinkeller_affentaler_sptburgunder_trocken.jpg"
            ],
            "ItemTitle": "Ortenauer Weinkeller Affentaler Spätburgunder trocken 0,75L",
            "ItemPrice": "5,29€",
            "ItemUnit": "7,05€/l",
            "local_image_path": "Wein/ Spirituosen/Rotwein/ortenauer_weinkeller_affentaler_sptburgunder_trocken.jpg"
          },
          {
            "image_urls": [
              "https://www.edeka24.de/out/pictures/generated/product/1/224_224_90/owkcharacterkopf53sptburgunderkabinetttrockenjpg.jpg"
            ],
            "ItemTitle": "Ortenauer Weinkeller Baden Spätburgunder Kabinett trocken 0,75L",
            "ItemPrice": "7,49€",
            "ItemUnit": "9,99€/l",
            "local_image_path": "Wein/ Spirituosen/Rotwein/owkcharacterkopf53sptburgunderkabinetttrockenjpg.jpg"
          },
          {
            "image_urls": [
              "https://www.edeka24.de/out/pictures/generated/product/1/224_224_90/owk-sptburgunder-echt-suess.jpg"
            ],
            "ItemTitle": "Ortenauer Weinkeller Echt Süß Spätburgunder Rotwein 0,75L",
            "ItemPrice": "3,99€",
            "ItemUnit": "5,32€/l",
            "local_image_path": "Wein/ Spirituosen/Rotwein/owk-sptburgunder-echt-suess.jpg"
          },
          {
            "image_urls": [
              "https://www.edeka24.de/out/pictures/generated/product/1/224_224_90/ortenauer-weinkeller-lecker-samtig.jpg"
            ],
            "ItemTitle": "Ortenauer Weinkeller Lecker & Samtig Rotwein Cuvée feinherb 0,75L",
            "ItemPrice": "4,29€",
            "ItemUnit": "5,72€/l",
            "local_image_path": "Wein/ Spirituosen/Rotwein/ortenauer-weinkeller-lecker-samtig.jpg"
          },
          {
            "image_urls": [
              "https://www.edeka24.de/out/pictures/generated/product/1/224_224_90/owknostrum.jpg"
            ],
            "ItemTitle": "Ortenauer Weinkeller Nostrum Spätburgunder trocken 0,75L",
            "ItemPrice": "20,99€",
            "ItemUnit": "27,99€/l",
            "local_image_path": "Wein/ Spirituosen/Rotwein/owknostrum.jpg"
          },
          {
            "image_urls": [
              "https://www.edeka24.de/out/pictures/generated/product/1/224_224_90/owk_klassiker_pinot_noir_001_druck-4.jpg"
            ],
            "ItemTitle": "Ortenauer Weinkeller Pinot Noir Merlot trocken 0,75L",
            "ItemPrice": "5,29€",
            "ItemUnit": "7,05€/l",
            "local_image_path": "Wein/ Spirituosen/Rotwein/owk_klassiker_pinot_noir_001_druck-4.jpg"
          },
          {
            "image_urls": [
              "https://www.edeka24.de/out/pictures/generated/product/1/224_224_90/winzerserie_baden_pinot_noir_qualitamp228tswein_trocken_075l.jpg"
            ],
            "ItemTitle": "Ortenauer Weinkeller Pinot Noir trocken 0,75L",
            "ItemPrice": "6,49€",
            "ItemUnit": "8,65€/l",
            "local_image_path": "Wein/ Spirituosen/Rotwein/winzerserie_baden_pinot_noir_qualitamp228tswein_trocken_075l.jpg"
          },
          {
            "image_urls": [
              "https://www.edeka24.de/out/pictures/generated/product/1/224_224_90/osborne_solaz_tempranillo_cabernet_sauvignon_rotwein_2014.jpg"
            ],
            "ItemTitle": "Osborne Solaz Tempranillo Cabernet Sauvignon Rotwein 0,75L",
            "ItemPrice": "5,59€",
            "ItemUnit": "7,45€/l",
            "local_image_path": "Wein/ Spirituosen/Rotwein/osborne_solaz_tempranillo_cabernet_sauvignon_rotwein_2014.jpg"
          },
          {
            "image_urls": [
              "https://www.edeka24.de/out/pictures/generated/product/1/224_224_90/overseas_cabernet_sauvignon_chile_trocken_075l.jpg"
            ],
            "ItemTitle": "OverSeas Cabernet Sauvignon Chile trocken 0,75L",
            "ItemPrice": "2,49€",
            "ItemUnit": "3,32€/l",
            "local_image_path": "Wein/ Spirituosen/Rotwein/overseas_cabernet_sauvignon_chile_trocken_075l.jpg"
          },
          {
            "image_urls": [
              "https://www.edeka24.de/out/pictures/generated/product/1/224_224_90/overseas_cabernet_sauvignon_merlot_samp252dafrika_samp252amp223_075l.jpg"
            ],
            "ItemTitle": "OverSeas Cabernet Sauvignon Merlot süss 0,75L",
            "ItemPrice": "3,49€",
            "ItemUnit": "4,65€/l",
            "local_image_path": "Wein/ Spirituosen/Rotwein/overseas_cabernet_sauvignon_merlot_samp252dafrika_samp252amp223_075l.jpg"
          },
          {
            "image_urls": [
              "https://www.edeka24.de/out/pictures/generated/product/1/224_224_90/siegbert_bimmerle_sptburgunder_rotwein_075_ltr.jpg"
            ],
            "ItemTitle": "Siegbert Bimmerle Spätburgunder Rotwein 0,75L",
            "ItemPrice": "11,49€",
            "ItemUnit": "15,32€/l",
            "local_image_path": "Wein/ Spirituosen/Spirituosen/highland_park_18_jahre_single_malt_whisky.jpg"
          },
          {
            "image_urls": [
              "https://www.edeka24.de/out/pictures/generated/product/1/224_224_90/siegbert_bimmerle_sptburgunder_rotwein_trocken_im_holzfass_gereift_2015_075l.jpg"
            ],
            "ItemTitle": "Siegbert Bimmerle Spätburgunder Rotwein trocken im Eichenfass gereift 0,75L",
            "ItemPrice": "14,49€",
            "ItemUnit": "19,32€/l",
            "local_image_path": "Wein/ Spirituosen/Rotwein/siegbert_bimmerle_sptburgunder_rotwein_trocken_im_holzfass_gereift_2015_075l.jpg"
          },
          {
            "image_urls": [
              "https://www.edeka24.de/out/pictures/generated/product/1/224_224_90/solianocabsauv.jpg"
            ],
            "ItemTitle": "Soliano Bio Cabernet Sauvignon DOC 0,75L",
            "ItemPrice": "7,49€",
            "ItemUnit": "9,99€/l",
            "local_image_path": "Bio-Produkte/Bio Marken/solianocabsauv.jpg"
          },
          {
            "image_urls": [
              "https://www.edeka24.de/out/pictures/generated/product/1/224_224_90/bio_sontino_sangiovese_igp_075l.jpg"
            ],
            "ItemTitle": "Sontino Bio Sangiovese IGP 0,75L",
            "ItemPrice": "5,99€",
            "ItemUnit": "7,99€/l",
            "local_image_path": "Wein/ Spirituosen/Rotwein/bio_sontino_sangiovese_igp_075l.jpg"
          },
          {
            "image_urls": [
              "https://www.edeka24.de/out/pictures/generated/product/1/224_224_90/0f9015364dc8ba47594d2cf3e29c1d16-8018485000059_iq.jpg"
            ],
            "ItemTitle": "Stazione di Posta Chianti Classico DOCG Rotwein 0,75L",
            "ItemPrice": "9,49€",
            "ItemUnit": "12,65€/l",
            "local_image_path": "Wein/ Spirituosen/Rotwein/0f9015364dc8ba47594d2cf3e29c1d16-8018485000059_iq.jpg"
          },
          {
            "image_urls": [
              "https://www.edeka24.de/out/pictures/generated/product/1/224_224_90/terresdouces.jpg"
            ],
            "ItemTitle": "Terres Douces Bordeaux Rouge 0,75L",
            "ItemPrice": "6,49€",
            "ItemUnit": "8,65€/l",
            "local_image_path": "Wein/ Spirituosen/Rotwein/terresdouces.jpg"
          },
          {
            "image_urls": [
              "https://www.edeka24.de/out/pictures/generated/product/1/224_224_90/miguel_torres_coronas_tempranillo_rotwein_075_ltr.jpg"
            ],
            "ItemTitle": "Torres Coronas Tempranillo Rotwein 0,75L",
            "ItemPrice": "9,49€",
            "ItemUnit": "12,65€/l",
            "local_image_path": "Wein/ Spirituosen/Rotwein/miguel_torres_coronas_tempranillo_rotwein_075_ltr.jpg"
          },
          {
            "image_urls": [
              "https://www.edeka24.de/out/pictures/generated/product/1/224_224_90/torres-sangre-de-toro.jpg"
            ],
            "ItemTitle": "Torres Sangre de Toro 2018 0,75L",
            "ItemPrice": "7,49€",
            "ItemUnit": "9,99€/l",
            "local_image_path": "Wein/ Spirituosen/Rotwein/torres-sangre-de-toro.jpg"
          },
          {
            "image_urls": [
              "https://www.edeka24.de/out/pictures/generated/product/1/224_224_90/torressangredetororot0.0.jpg"
            ],
            "ItemTitle": "Torres Sangre de Toro rot alkoholfrei 0,75L",
            "ItemPrice": "7,49€",
            "ItemUnit": "9,99€/l",
            "local_image_path": "Wein/ Spirituosen/Rotwein/torressangredetororot0.0.jpg"
          },
          {
            "image_urls": [
              "https://www.edeka24.de/out/pictures/generated/product/1/224_224_90/trapiche_cabernet_sauvignon_oak_cask_2019_075l.jpg"
            ],
            "ItemTitle": "Trapiche Cabernet Sauvignon Oak Cask 0,75L",
            "ItemPrice": "8,49€",
            "ItemUnit": "11,32€/l",
            "local_image_path": "Wein/ Spirituosen/Rotwein/trapiche_cabernet_sauvignon_oak_cask_2019_075l.jpg"
          },
          {
            "image_urls": [
              "https://www.edeka24.de/out/pictures/generated/product/1/224_224_90/trapiche-malbec_1200.jpg"
            ],
            "ItemTitle": "Trapiche Malbec Oak Cask 0,75L",
            "ItemPrice": "6,99€",
            "ItemUnit": "9,32€/l",
            "local_image_path": "Wein/ Spirituosen/Rotwein/trapiche-malbec_1200.jpg"
          },
          {
            "image_urls": [
              "https://www.edeka24.de/out/pictures/generated/product/1/224_224_90/urfrhcabcor.jpg"
            ],
            "ItemTitle": "Urban Roots Bio Frühburgunder Cabernet Cortis trocken 0,75L",
            "ItemSalePrice": "5,99€",
            "ItemUnit": "7,99€/l",
            "local_image_path": "Wein/ Spirituosen/Rotwein/urfrhcabcor.jpg"
          },
          {
            "image_urls": [
              "https://www.edeka24.de/out/pictures/generated/product/1/224_224_90/via-al-castella-amarone_4311605488961.jpg"
            ],
            "ItemTitle": "Via al Castello Amarone della Valpolicella DOCG Rotwein 0,75L",
            "ItemPrice": "17,49€",
            "ItemUnit": "23,32€/l",
            "local_image_path": "Wein/ Spirituosen/Rotwein/via-al-castella-amarone_4311605488961.jpg"
          },
          {
            "image_urls": [
              "https://www.edeka24.de/out/pictures/generated/product/1/224_224_90/via-al-barolo-2013.jpg"
            ],
            "ItemTitle": "Via al Castello Barolo DOCG Rotwein 0,75L",
            "ItemPrice": "11,99€",
            "ItemUnit": "15,99€/l",
            "local_image_path": "Wein/ Spirituosen/Rotwein/via-al-barolo-2013.jpg"
          },
          {
            "image_urls": [
              "https://www.edeka24.de/out/pictures/generated/product/1/224_224_90/via-a-castello-valpolicella-ripasso.jpg"
            ],
            "ItemTitle": "Via al Castello Valpolicella Ripasso DOC 0,75L",
            "ItemPrice": "7,49€",
            "ItemUnit": "9,99€/l",
            "local_image_path": "Wein/ Spirituosen/Rotwein/via-a-castello-valpolicella-ripasso.jpg"
          },
          {
            "image_urls": [
              "https://www.edeka24.de/out/pictures/generated/product/1/224_224_90/vj_dornfelder_rotwqba_tr075.jpg"
            ],
            "ItemTitle": "Vier Jahreszeiten Dornfelder trocken 0,75L",
            "ItemPrice": "4,99€",
            "ItemUnit": "6,65€/l",
            "local_image_path": "Wein/ Spirituosen/Rotwein/vj_dornfelder_rotwqba_tr075.jpg"
          },
          {
            "image_urls": [
              "https://www.edeka24.de/out/pictures/generated/product/1/224_224_90/vingerons_ardechois_ardeche_cabernet_sauvignon_vin_de_pays_075l.jpg"
            ],
            "ItemTitle": "Vignerons Ardéchois Ardeche Cabernet Sauvignon 0,75L",
            "ItemPrice": "5,49€",
            "ItemUnit": "7,32€/l",
            "local_image_path": "Wein/ Spirituosen/Rotwein/vingerons_ardechois_ardeche_cabernet_sauvignon_vin_de_pays_075l.jpg"
          },
          {
            "image_urls": [
              "https://www.edeka24.de/out/pictures/generated/product/1/224_224_90/villaantinorirosso_500(1).jpg"
            ],
            "ItemTitle": "Villa Antinori Rosso IGT 0,75L",
            "ItemPrice": "18,49€",
            "ItemUnit": "24,65€/l",
            "local_image_path": "Wein/ Spirituosen/Rotwein/villaantinorirosso_500(1).jpg"
          },
          {
            "image_urls": [
              "https://www.edeka24.de/out/pictures/generated/product/1/224_224_90/villa-pucci.chianti-riserva.jpg"
            ],
            "ItemTitle": "Villa Puccini Chianti Riserva DOCG 0,75L",
            "ItemPrice": "8,99€",
            "ItemUnit": "11,99€/l",
            "local_image_path": "Wein/ Spirituosen/Rotwein/villa-pucci.chianti-riserva.jpg"
          },
          {
            "image_urls": [
              "https://www.edeka24.de/out/pictures/generated/product/1/224_224_90/vinasverolutschestinto.jpg"
            ],
            "ItemTitle": "Vinas del Vero Luces Tinto 2019 0,75L",
            "ItemSalePrice": "4,49€",
            "ItemUnit": "5,99€/l",
            "local_image_path": "Wein/ Spirituosen/Rotwein/vinasverolutschestinto.jpg"
          },
          {
            "image_urls": [
              "https://www.edeka24.de/out/pictures/generated/product/1/224_224_90/waldulmerspbgkabinetttrocken.jpg"
            ],
            "ItemTitle": "Waldulmer Pfarrberg Spätburgunder Kabinett trocken 0,75L",
            "ItemPrice": "8,49€",
            "ItemUnit": "11,32€/l",
            "local_image_path": "Wein/ Spirituosen/Rotwein/waldulmerspbgkabinetttrocken.jpg"
          },
          {
            "image_urls": [
              "https://www.edeka24.de/out/pictures/generated/product/1/224_224_90/wg_btzingen_sptburgunder_rotwein_kabinett_075l.jpg"
            ],
            "ItemTitle": "WG Bötzingen Spätburgunder Rotwein Kabinett 0,75L",
            "ItemPrice": "5,79€",
            "ItemUnit": "7,72€/l",
            "local_image_path": "Wein/ Spirituosen/Rotwein/wg_btzingen_sptburgunder_rotwein_kabinett_075l.jpg"
          },
          {
            "image_urls": [
              "https://www.edeka24.de/out/pictures/generated/product/1/224_224_90/wg_btzingen_sptburgunder_rotwein_kabinett_trocken_2018_075_ltr.jpg"
            ],
            "ItemTitle": "WG Bötzingen Spätburgunder Rotwein Kabinett trocken 0,75L",
            "ItemPrice": "5,79€",
            "ItemUnit": "7,72€/l",
            "local_image_path": "Wein/ Spirituosen/Rotwein/wg_btzingen_sptburgunder_rotwein_kabinett_trocken_2018_075_ltr.jpg"
          },
          {
            "image_urls": [
              "https://www.edeka24.de/out/pictures/generated/product/1/224_224_90/winzer_krems_sandgrube_13_blauer_zweigelt_2015.jpg"
            ],
            "ItemTitle": "Winzer Krems Sandgrube 13 Blauer Zweigelt 0,75L",
            "ItemPrice": "6,49€",
            "ItemUnit": "8,65€/l",
            "local_image_path": "Wein/ Spirituosen/Rotwein/winzer_krems_sandgrube_13_blauer_zweigelt_2015.jpg"
          },
          {
            "image_urls": [
              "https://www.edeka24.de/out/pictures/generated/product/1/224_224_90/weinmanu.blauerzw_300_p1.jpg"
            ],
            "ItemTitle": "Winzer Krems Weinmanufaktur Blauer Zweigelt Rotwein trocken 0,75L",
            "ItemPrice": "7,99€",
            "ItemUnit": "10,65€/l",
            "local_image_path": "Wein/ Spirituosen/Rotwein/weinmanu.blauerzw_300_p1.jpg"
          },
          {
            "image_urls": [
              "https://www.edeka24.de/out/pictures/generated/product/1/224_224_90/wamp252rttemberger_spamp228tburgunder_mit_schwarzriesling_qw_025l.jpg"
            ],
            "ItemTitle": "Württembergische WZG Spätburgunder mit Schwarzriesling 0,25L",
            "ItemPrice": "2,59€",
            "ItemUnit": "10,36€/l",
            "local_image_path": "Wein/ Spirituosen/Rotwein/wamp252rttemberger_spamp228tburgunder_mit_schwarzriesling_qw_025l.jpg"
          },
          {
            "image_urls": [
              "https://www.edeka24.de/out/pictures/generated/product/1/224_224_90/wzg_sss_amp_fruchtig_samtrot_2019_075_ltr.jpg"
            ],
            "ItemTitle": "WZG Süss & Fruchtig Samtrot 0,75L",
            "ItemPrice": "5,29€",
            "ItemUnit": "7,05€/l",
            "local_image_path": "Wein/ Spirituosen/Rotwein/wzg_sss_amp_fruchtig_samtrot_2019_075_ltr.jpg"
          },
          {
            "image_urls": [
              "https://www.edeka24.de/out/pictures/generated/product/1/224_224_90/wzg_wrttemberger_trollinger_rotwein_halbtrocken_075l.jpg"
            ],
            "ItemTitle": "WZG Württemberger Trollinger Rotwein halbtrocken 0,75L",
            "ItemPrice": "5,29€",
            "ItemUnit": "7,05€/l",
            "local_image_path": "Wein/ Spirituosen/Rotwein/wzg_wrttemberger_trollinger_rotwein_halbtrocken_075l.jpg"
          },
          {
            "image_urls": [
              "https://www.edeka24.de/out/pictures/generated/product/1/224_224_90/zoninbardolino.jpg"
            ],
            "ItemTitle": "Zonin Bardolino Classico Rotwein 0,75L",
            "ItemPrice": "7,49€",
            "ItemUnit": "9,99€/l",
            "local_image_path": "Wein/ Spirituosen/Rotwein/zoninbardolino.jpg"
          },
          {
            "image_urls": [
              "https://www.edeka24.de/out/pictures/generated/product/1/224_224_90/zonin-nero-davola.jpg"
            ],
            "ItemTitle": "Zonin Collezione di Famiglia Nero d'Avola Sicilia DOC trocken 2018 0,75L",
            "ItemPrice": "7,99€",
            "ItemUnit": "10,65€/l",
            "local_image_path": "Wein/ Spirituosen/Rotwein/zonin-nero-davola.jpg"
          },
          {
            "image_urls": [
              "https://www.edeka24.de/out/pictures/generated/product/1/224_224_90/zoninmontpulc.jpg"
            ],
            "ItemTitle": "Zonin Montepulciano D'Abruzzo Rotwein DOC 0,75L",
            "ItemPrice": "7,49€",
            "ItemUnit": "9,99€/l",
            "local_image_path": "Wein/ Spirituosen/Rotwein/zoninmontpulc.jpg"
          },
          {
            "image_urls": [
              "https://www.edeka24.de/out/pictures/generated/product/1/224_224_90/zoninprimdiman.jpg"
            ],
            "ItemTitle": "Zonin Primitivo di Manduria DOC 0,75L",
            "ItemPrice": "10,49€",
            "ItemUnit": "13,99€/l",
            "local_image_path": "Wein/ Spirituosen/Rotwein/zoninprimdiman.jpg"
          },
          {
            "image_urls": [
              "https://www.edeka24.de/out/pictures/generated/product/1/224_224_90/zoninprimpug.jpg"
            ],
            "ItemTitle": "Zonin Primitivo Puglia 0,75L",
            "ItemPrice": "7,49€",
            "ItemUnit": "9,99€/l",
            "local_image_path": "Wein/ Spirituosen/Rotwein/zoninprimpug.jpg"
          },
          {
            "image_urls": [
              "https://www.edeka24.de/out/pictures/generated/product/1/224_224_90/zonvalporip.jpg"
            ],
            "ItemTitle": "Zonin Ripasso Valpolicella Superiore DOC Rotwein 0,75L",
            "ItemPrice": "10,49€",
            "ItemUnit": "13,99€/l",
            "local_image_path": "Wein/ Spirituosen/Rotwein/zonvalporip.jpg"
          },
          {
            "image_urls": [
              "https://www.edeka24.de/out/pictures/generated/product/1/224_224_90/zoninvalpolicella.jpg"
            ],
            "ItemTitle": "Zonin Valpolicella Classico DOC 0,75L",
            "ItemPrice": "6,99€",
            "ItemUnit": "9,32€/l",
            "local_image_path": "Wein/ Spirituosen/Rotwein/zoninvalpolicella.jpg"
          },
          {
            "image_urls": [
              "https://www.edeka24.de/out/pictures/generated/product/1/224_224_90/aldegottspbg2015.jpg"
            ],
            "ItemTitle": "Alde Gott Spätburgunder Rotwein 0,75L",
            "ItemPrice": "7,49€",
            "ItemUnit": "9,99€/l",
            "local_image_path": "Wein/ Spirituosen/Rotwein/aldegottspbg2015.jpg"
          },
          {
            "image_urls": [
              "https://www.edeka24.de/out/pictures/generated/product/1/224_224_90/aldegottspbgkabinett2015.jpg"
            ],
            "ItemTitle": "Alde Gott Spätburgunder Rotwein Kabinett 0,75L",
            "ItemPrice": "7,99€",
            "ItemUnit": "10,65€/l",
            "local_image_path": "Wein/ Spirituosen/Rotwein/aldegottspbgkabinett2015.jpg"
          },
          {
            "image_urls": [
              "https://www.edeka24.de/out/pictures/generated/product/1/224_224_90/aldegottspbgkabinetttrocken2015.jpg"
            ],
            "ItemTitle": "Alde Gott Spätburgunder Rotwein Kabinett trocken 0,75L",
            "ItemPrice": "8,49€",
            "ItemUnit": "11,32€/l",
            "local_image_path": "Wein/ Spirituosen/Rotwein/aldegottspbgkabinetttrocken2015.jpg"
          },
          {
            "image_urls": [
              "https://www.edeka24.de/out/pictures/generated/product/1/224_224_90/aldegottspbgqualittsweinrotsss.jpg"
            ],
            "ItemTitle": "Alde Gott Spätburgunder Rotwein Rot & Süß 0,75L",
            "ItemPrice": "7,49€",
            "ItemUnit": "9,99€/l",
            "local_image_path": "Wein/ Spirituosen/Rotwein/aldegottspbgqualittsweinrotsss.jpg"
          },
          {
            "image_urls": [
              "https://www.edeka24.de/out/pictures/generated/product/1/224_224_90/alde_gott_sptburgunder_rotwein_trocken_075l.jpg"
            ],
            "ItemTitle": "Alde Gott Spätburgunder Rotwein trocken 0,75L",
            "ItemPrice": "7,99€",
            "ItemUnit": "10,65€/l",
            "local_image_path": "Wein/ Spirituosen/Rotwein/alde_gott_sptburgunder_rotwein_trocken_075l.jpg"
          },
          {
            "image_urls": [
              "https://www.edeka24.de/out/pictures/generated/product/1/224_224_90/alnatura_bio_dornfelder_halbtrocken_075_ltr.jpg"
            ],
            "ItemTitle": "Alnatura Bio Dornfelder halbtrocken 0,75L",
            "ItemPrice": "4,29€",
            "ItemUnit": "5,72€/l",
            "local_image_path": "Wein/ Spirituosen/Rotwein/alnatura_bio_dornfelder_halbtrocken_075_ltr.jpg"
          },
          {
            "image_urls": [
              "https://www.edeka24.de/out/pictures/generated/product/1/224_224_90/bio_alnnavtemprmerl075l.jpg"
            ],
            "ItemTitle": "Alnatura Bio Navarra Tempranillo-Merlot trocken 0,75L",
            "ItemPrice": "5,29€",
            "ItemUnit": "7,05€/l",
            "local_image_path": "Wein/ Spirituosen/Rotwein/bio_alnnavtemprmerl075l.jpg"
          },
          {
            "image_urls": [
              "https://www.edeka24.de/out/pictures/generated/product/1/224_224_90/alnatura_bio_primitivo_075l.jpg"
            ],
            "ItemTitle": "Alnatura Bio Primitivo 0,75L",
            "ItemPrice": "5,29€",
            "ItemUnit": "7,05€/l",
            "local_image_path": "Wein/ Spirituosen/Rotwein/alnatura_bio_primitivo_075l.jpg"
          },
          {
            "image_urls": [
              "https://www.edeka24.de/out/pictures/generated/product/1/224_224_90/apothic-inferno-barrel.jpg"
            ],
            "ItemTitle": "Apothic Inferno Rotwein trocken 2018 0,75L",
            "ItemPrice": "15,49€",
            "ItemUnit": "20,65€/l",
            "local_image_path": "Wein/ Spirituosen/Rotwein/apothic-inferno-barrel.jpg"
          },
          {
            "image_urls": [
              "https://www.edeka24.de/out/pictures/generated/product/1/224_224_90/apothicdarkred.jpg"
            ],
            "ItemTitle": "Apothic Red California 0,75L",
            "ItemPrice": "10,49€",
            "ItemUnit": "13,99€/l",
            "local_image_path": "Wein/ Spirituosen/Rotwein/apothicdarkred.jpg"
          },
          {
            "image_urls": [
              "https://www.edeka24.de/out/pictures/generated/product/1/224_224_90/barefootcabernetsauvignon.jpg"
            ],
            "ItemTitle": "Barefoot Cabernet Sauvignon halbtrocken 0,75L",
            "ItemPrice": "6,49€",
            "ItemUnit": "8,65€/l",
            "local_image_path": "Wein/ Spirituosen/Rotwein/barefootcabernetsauvignon.jpg"
          },
          {
            "image_urls": [
              "https://www.edeka24.de/out/pictures/generated/product/1/224_224_90/barefoot_merlot_075l.jpg"
            ],
            "ItemTitle": "Barefoot Merlot trocken 0,75L",
            "ItemPrice": "6,49€",
            "ItemUnit": "8,65€/l",
            "local_image_path": "Wein/ Spirituosen/Rotwein/barefoot_merlot_075l.jpg"
          },
          {
            "image_urls": [
              "https://www.edeka24.de/out/pictures/generated/product/1/224_224_90/baron_de_ley_reserva_rioja_rotwein_2013.jpg"
            ],
            "ItemTitle": "Baron de Ley Reserva Rioja Rotwein 0,75L",
            "ItemPrice": "17,49€",
            "ItemUnit": "23,32€/l",
            "local_image_path": "Wein/ Spirituosen/Rotwein/baron_de_ley_reserva_rioja_rotwein_2013.jpg"
          },
          {
            "image_urls": [
              "https://www.edeka24.de/out/pictures/generated/product/1/224_224_90/bio_rothschild_mouton_cadet_rouge_bordeaux_aoc_075l.jpg"
            ],
            "ItemTitle": "Baron Philippe de Rothschild Bio Mouton Cadet Bordeaux AOC 0,75L",
            "ItemPrice": "13,99€",
            "ItemUnit": "18,65€/l",
            "local_image_path": "Wein/ Spirituosen/Rotwein/bio_rothschild_mouton_cadet_rouge_bordeaux_aoc_075l.jpg"
          },
          {
            "image_urls": [
              "https://www.edeka24.de/out/pictures/generated/product/1/224_224_90/bord_rouge_500_z1.jpg"
            ],
            "ItemTitle": "Baron Philippe Rothschild Bordeaux Rouge 0,75L",
            "ItemPrice": "7,49€",
            "ItemUnit": "9,99€/l",
            "local_image_path": "Wein/ Spirituosen/Rotwein/bord_rouge_500_z1.jpg"
          },
          {
            "image_urls": [
              "https://www.edeka24.de/out/pictures/generated/product/1/224_224_90/baron_philippe_rothschild_mouton_cadet_rouge_2015.jpg"
            ],
            "ItemTitle": "Baron Philippe Rothschild Mouton Cadet Rouge 0,75L",
            "ItemPrice": "12,49€",
            "ItemUnit": "16,65€/l",
            "local_image_path": "Wein/ Spirituosen/Rotwein/baron_philippe_rothschild_mouton_cadet_rouge_2015.jpg"
          },
          {
            "image_urls": [
              "https://www.edeka24.de/out/pictures/generated/product/1/224_224_90/montaltonerodavola.jpg"
            ],
            "ItemTitle": "Barone Montalto Bio Nero D'Avola 0,75L",
            "ItemPrice": "6,29€",
            "ItemUnit": "8,39€/l",
            "local_image_path": "Bio-Produkte/Bio Marken/montaltonerodavola.jpg"
          },
          {
            "image_urls": [
              "https://www.edeka24.de/out/pictures/generated/product/1/224_224_90/baron-montalto-nero-davalo.jpg"
            ],
            "ItemTitle": "Barone Montalto Nero D'Avola IGT 0,75L",
            "ItemPrice": "6,49€",
            "ItemUnit": "8,65€/l",
            "local_image_path": "Wein/ Spirituosen/Rotwein/baron-montalto-nero-davalo.jpg"
          },
          {
            "image_urls": [
              "https://www.edeka24.de/out/pictures/generated/product/1/224_224_90/bertoldi_granpassione.jpg"
            ],
            "ItemTitle": "Bertoldi Gran Passione IGT Rotwein 0,75L",
            "ItemPrice": "7,99€",
            "ItemUnit": "10,65€/l",
            "local_image_path": "Wein/ Spirituosen/Rotwein/bertoldi_granpassione.jpg"
          },
          {
            "image_urls": [
              "https://www.edeka24.de/out/pictures/generated/product/1/224_224_90/bertoldi_merlot_barrique_igt_075l.jpg"
            ],
            "ItemTitle": "Bertoldi Merlot Barrique IGT 0,75L",
            "ItemPrice": "6,99€",
            "ItemUnit": "9,32€/l",
            "local_image_path": "Wein/ Spirituosen/Rotwein/bertoldi_merlot_barrique_igt_075l.jpg"
          },
          {
            "image_urls": [
              "https://www.edeka24.de/out/pictures/generated/product/1/224_224_90/traditionsptburgunderrotweinlieblich.jpg"
            ],
            "ItemTitle": "Bischoffinger Tradition Spätburgunder lieblich 0,75L",
            "ItemPrice": "5,49€",
            "ItemUnit": "7,32€/l",
            "local_image_path": "Wein/ Spirituosen/Rotwein/traditionsptburgunderrotweinlieblich.jpg"
          },
          {
            "image_urls": [
              "https://www.edeka24.de/out/pictures/generated/product/1/224_224_90/bischoffinger_tradition_sptburgunder_trocken_2018_075_ltr.jpg"
            ],
            "ItemTitle": "Bischoffinger Tradition Spätburgunder trocken 0,75L",
            "ItemPrice": "5,49€",
            "ItemUnit": "7,32€/l",
            "local_image_path": "Wein/ Spirituosen/Rotwein/bischoffinger_tradition_sptburgunder_trocken_2018_075_ltr.jpg"
          },
          {
            "image_urls": [
              "https://www.edeka24.de/out/pictures/generated/product/1/224_224_90/bodegas_rasgon_tempranillo_rotwein_halbtrocken_2017.jpg"
            ],
            "ItemTitle": "Bodegas Rasgon Tempranillo Rotwein halbtrocken 0,75L",
            "ItemPrice": "4,49€",
            "ItemUnit": "5,99€/l",
            "local_image_path": "Wein/ Spirituosen/Rotwein/bodegas_rasgon_tempranillo_rotwein_halbtrocken_2017.jpg"
          },
          {
            "image_urls": [
              "https://www.edeka24.de/out/pictures/generated/product/1/224_224_90/thepavillion.jpg"
            ],
            "ItemTitle": "Boschendal The Pavillion Shiraz Cabernet Sauvignon 0,75L",
            "ItemPrice": "7,99€",
            "ItemUnit": "10,65€/l",
            "local_image_path": "Wein/ Spirituosen/Rotwein/thepavillion.jpg"
          },
          {
            "image_urls": [
              "https://www.edeka24.de/out/pictures/generated/product/1/224_224_90/bree_merlot_trocken_075l.jpg"
            ],
            "ItemTitle": "Bree Merlot 0,75L",
            "ItemPrice": "5,99€",
            "ItemUnit": "7,99€/l",
            "local_image_path": "Wein/ Spirituosen/Rotwein/bree_merlot_trocken_075l.jpg"
          },
          {
            "image_urls": [
              "https://www.edeka24.de/out/pictures/generated/product/1/224_224_90/-8009005001410_iq.jpg"
            ],
            "ItemTitle": "Brigl Kalterersee Rotwein 1L",
            "ItemPrice": "6,99€",
            "ItemUnit": "6,99€/l",
            "local_image_path": "Wein/ Spirituosen/Rotwein/-8009005001410_iq.jpg"
          },
          {
            "image_urls": [
              "https://www.edeka24.de/out/pictures/generated/product/1/224_224_90/-8009005002059_iq.jpg"
            ],
            "ItemTitle": "Brigl Südtiroler Edelvernatsch DOP Rotwein 1L",
            "ItemPrice": "5,99€",
            "ItemUnit": "5,99€/l",
            "local_image_path": "Wein/ Spirituosen/Rotwein/-8009005002059_iq.jpg"
          },
          {
            "image_urls": [
              "https://www.edeka24.de/out/pictures/generated/product/1/224_224_90/campo-viejo-tempramillo.jpg"
            ],
            "ItemTitle": "Campo Viejo Tempranillo Rotwein 0,75L",
            "ItemPrice": "6,99€",
            "ItemUnit": "9,32€/l",
            "local_image_path": "Wein/ Spirituosen/Rotwein/campo-viejo-tempramillo.jpg"
          },
          {
            "image_urls": [
              "https://www.edeka24.de/out/pictures/generated/product/1/224_224_90/tasrdus.jpg"
            ],
            "ItemTitle": "Cantine Francesco Minini Nero D'Avola Tardus Appassimento IGT 2019 0,75L",
            "ItemPrice": "9,99€",
            "ItemUnit": "13,32€/l",
            "local_image_path": "Wein/ Spirituosen/Rotwein/tasrdus.jpg"
          },
          {
            "image_urls": [
              "https://www.edeka24.de/out/pictures/generated/product/1/224_224_90/quietum.jpg"
            ],
            "ItemTitle": "Cantine Francesco Minini Primitivo Quietum Appassimento IGT 0,75L",
            "ItemPrice": "11,49€",
            "ItemUnit": "15,32€/l",
            "local_image_path": "Wein/ Spirituosen/Rotwein/quietum.jpg"
          }
        ]
      }
    ]
  },
  {
    "CategoryTitle": "Bio-Produkte",
    "Subcategories": [
      {
        "subcategoryTitle": "Getränke von Alnatura",
        "productItems": [
          {
            "image_urls": [
              "https://www.edeka24.de/out/pictures/generated/product/1/224_224_90/alnatura_bio_apfel_mango_saft.jpg"
            ],
            "ItemTitle": "Alnatura Bio Apfel Mango 100% Direktsaft 0,75L",
            "ItemPrice": "2,49€",
            "ItemUnit": "3,32€/l",
            "local_image_path": "Bio-Produkte/Getränke von Alnatura/alnatura_bio_apfel_mango_saft.jpg"
          },
          {
            "image_urls": [
              "https://www.edeka24.de/out/pictures/generated/product/1/224_224_90/alnatura_bio_apfel_mango_saft(1).jpg"
            ],
            "ItemTitle": "Alnatura Bio Apfel Mango 100% Direktsaft 330ML",
            "ItemPrice": "1,39€",
            "ItemUnit": "4,21€/l",
            "local_image_path": "Bio-Produkte/Getränke von Alnatura/alnatura_bio_apfel_mango_saft(1).jpg"
          },
          {
            "image_urls": [
              "https://www.edeka24.de/out/pictures/generated/product/1/224_224_90/alnatura_bio_apfelsaft_naturtrb.jpg"
            ],
            "ItemTitle": "Alnatura Bio Apfelsaft naturtrüb 1L",
            "ItemPrice": "1,89€",
            "ItemUnit": "1,89€/l",
            "local_image_path": "Bio-Produkte/Getränke von Alnatura/alnatura_bio_apfelsaft_naturtrb.jpg"
          },
          {
            "image_urls": [
              "https://www.edeka24.de/out/pictures/generated/product/1/224_224_90/alnatura_bio_bergkruter_tee_20x_175_g.jpg"
            ],
            "ItemTitle": "Alnatura Bio Bergkräuter Tee 20ST 35G",
            "ItemPrice": "2,49€",
            "ItemUnit": "71,14€/kg",
            "local_image_path": "Bio-Produkte/Getränke von Alnatura/alnatura_bio_bergkruter_tee_20x_175_g.jpg"
          },
          {
            "image_urls": [
              "https://www.edeka24.de/out/pictures/generated/product/1/224_224_90/alnatura_bio_caff_crema.jpg"
            ],
            "ItemTitle": "Alnatura Bio Caffè Crema ganze Bohne 1KG",
            "ItemSalePrice": "13,99€",
            "ItemUnit": "13,99€/kg",
            "local_image_path": "Angebote/default_subcategory/alnatura_bio_caff_crema.jpg"
          },
          {
            "image_urls": [
              "https://www.edeka24.de/out/pictures/generated/product/1/224_224_90/alnatura_bio_coco_drink_natur_033l.jpg"
            ],
            "ItemTitle": "Alnatura Bio Coco Drink Natur 0,33L",
            "ItemPrice": "1,89€",
            "ItemUnit": "5,73€/l",
            "local_image_path": "Bio-Produkte/Getränke von Alnatura/alnatura_bio_coco_drink_natur_033l.jpg"
          },
          {
            "image_urls": [
              "https://www.edeka24.de/out/pictures/generated/product/1/224_224_90/alnatura_bio_pfefferminz_tee_20x_15_g.jpg"
            ],
            "ItemTitle": "Alnatura Bio Demeter Pfefferminz Tee 20ST 30G",
            "ItemPrice": "1,59€",
            "ItemUnit": "53,00€/kg",
            "local_image_path": "Bio-Produkte/Getränke von Alnatura/alnatura_bio_pfefferminz_tee_20x_15_g.jpg"
          },
          {
            "image_urls": [
              "https://www.edeka24.de/out/pictures/generated/product/1/224_224_90/demeter_alnatura_edition_pinot_grigio_trocken_075l.jpg"
            ],
            "ItemTitle": "Alnatura Bio Demeter Pinot Grigio 2018 0,75L",
            "ItemPrice": "5,29€",
            "ItemUnit": "7,05€/l",
            "local_image_path": "Bio-Produkte/Getränke von Alnatura/demeter_alnatura_edition_pinot_grigio_trocken_075l.jpg"
          },
          {
            "image_urls": [
              "https://www.edeka24.de/out/pictures/generated/product/1/224_224_90/bio_alnrote_bete_saft_033l.jpg"
            ],
            "ItemTitle": "Alnatura Bio Demeter Rote Bete Saft feldfrisch 0,33L",
            "ItemPrice": "1,39€",
            "ItemUnit": "4,21€/l",
            "local_image_path": "Bio-Produkte/Getränke von Alnatura/bio_alnrote_bete_saft_033l.jpg"
          },
          {
            "image_urls": [
              "https://www.edeka24.de/out/pictures/generated/product/1/224_224_90/alnatura_bio_dornfelder_halbtrocken_075_ltr.jpg"
            ],
            "ItemTitle": "Alnatura Bio Dornfelder halbtrocken 0,75L",
            "ItemPrice": "4,29€",
            "ItemUnit": "5,72€/l",
            "local_image_path": "Wein/ Spirituosen/Rotwein/alnatura_bio_dornfelder_halbtrocken_075_ltr.jpg"
          },
          {
            "image_urls": [
              "https://www.edeka24.de/out/pictures/generated/product/1/224_224_90/bio_alnatura_minze_dreierlei_tee_20st_30g.jpg"
            ],
            "ItemTitle": "Alnatura Bio Dreierlei Minze Tee 20ST 30G",
            "ItemPrice": "2,29€",
            "ItemUnit": "76,33€/kg",
            "local_image_path": "Lebensmittel/Kaffee & Tee/bio_alnatura_minze_dreierlei_tee_20st_30g.jpg"
          },
          {
            "image_urls": [
              "https://www.edeka24.de/out/pictures/generated/product/1/224_224_90/alnatura_bio_earl_grey_schwarztee_20x_175_g.jpg"
            ],
            "ItemTitle": "Alnatura Bio Earl Grey 20ST 35G",
            "ItemPrice": "2,49€",
            "ItemUnit": "71,14€/kg",
            "local_image_path": "Lebensmittel/Kaffee & Tee/alnatura_bio_earl_grey_schwarztee_20x_175_g.jpg"
          },
          {
            "image_urls": [
              "https://www.edeka24.de/out/pictures/generated/product/1/224_224_90/alnaturaeistee.jpg"
            ],
            "ItemTitle": "Alnatura Bio Eistee Grüner Tee Apfel-Zitrone 1L",
            "ItemPrice": "2,19€",
            "ItemUnit": "2,19€/l",
            "local_image_path": "Bio-Produkte/Getränke von Alnatura/alnaturaeistee.jpg"
          },
          {
            "image_urls": [
              "https://www.edeka24.de/out/pictures/generated/product/1/224_224_90/espressobildbearbeitet.png"
            ],
            "ItemTitle": "Alnatura Bio Espresso gemahlen 250G",
            "ItemPrice": "4,79€",
            "ItemUnit": "19,16€/kg",
            "local_image_path": "Bio-Produkte/Getränke von Alnatura/espressobildbearbeitet.png"
          },
          {
            "image_urls": [
              "https://www.edeka24.de/out/pictures/generated/product/1/224_224_90/alnatura_bio_frhstckssaft.jpg"
            ],
            "ItemTitle": "Alnatura Bio Frühstückssaft 0,75L",
            "ItemPrice": "2,79€",
            "ItemUnit": "3,72€/l",
            "local_image_path": "Bio-Produkte/Getränke von Alnatura/alnatura_bio_frhstckssaft.jpg"
          },
          {
            "image_urls": [
              "https://www.edeka24.de/out/pictures/generated/product/1/224_224_90/alnatura_bio_gemsesaft.jpg"
            ],
            "ItemTitle": "Alnatura Bio Gemüsesaft 0,5L",
            "ItemPrice": "1,59€",
            "ItemUnit": "3,18€/l",
            "local_image_path": "Lebensmittel/Getränke/alnatura_bio_gemsesaft.jpg"
          },
          {
            "image_urls": [
              "https://www.edeka24.de/out/pictures/generated/product/1/224_224_90/alnatura_bio_grner_tee_gunpowder_lose_100_g.jpg"
            ],
            "ItemTitle": "Alnatura Bio Grüner Tee Gunpowder lose 100G",
            "ItemPrice": "2,99€",
            "ItemUnit": "29,90€/kg",
            "local_image_path": "Bio-Produkte/Getränke von Alnatura/alnatura_bio_grner_tee_gunpowder_lose_100_g.jpg"
          },
          {
            "image_urls": [
              "https://www.edeka24.de/out/pictures/generated/product/1/224_224_90/alnaturagrnerteeingwerlemon.jpg"
            ],
            "ItemTitle": "Alnatura Bio Grüner Tee Ingwer Lemon 20ST 30G",
            "ItemPrice": "1,79€",
            "ItemUnit": "59,67€/kg",
            "local_image_path": "Lebensmittel/Kaffee & Tee/alnaturagrnerteeingwerlemon.jpg"
          },
          {
            "image_urls": [
              "https://www.edeka24.de/out/pictures/generated/product/1/224_224_90/4104420060265--alnatura-bio-grner-tee-jasmin.jpg"
            ],
            "ItemTitle": "Alnatura Bio Grüner Tee Jasmin 20ST 30G",
            "ItemPrice": "2,29€",
            "ItemUnit": "76,33€/kg",
            "local_image_path": "Bio-Produkte/Getränke von Alnatura/4104420060265--alnatura-bio-grner-tee-jasmin.jpg"
          },
          {
            "image_urls": [
              "https://www.edeka24.de/out/pictures/generated/product/1/224_224_90/alnatura_bio_grner_tee_sencha_20x_15_g.jpg"
            ],
            "ItemTitle": "Alnatura Bio Grüner Tee Sencha 20ST 30G",
            "ItemPrice": "1,49€",
            "ItemUnit": "49,67€/kg",
            "local_image_path": "Lebensmittel/Kaffee & Tee/alnatura_bio_grner_tee_sencha_20x_15_g.jpg"
          },
          {
            "image_urls": [
              "https://www.edeka24.de/out/pictures/generated/product/1/224_224_90/alnatura_bio_grner_tee_sencha_lose_75_g.jpg"
            ],
            "ItemTitle": "Alnatura Bio Grüner Tee Sencha lose 75G",
            "ItemPrice": "2,49€",
            "ItemUnit": "33,20€/kg",
            "local_image_path": "Bio-Produkte/Getränke von Alnatura/alnatura_bio_grner_tee_sencha_lose_75_g.jpg"
          },
          {
            "image_urls": [
              "https://www.edeka24.de/out/pictures/generated/product/1/224_224_90/bio_alnatura_ingwer_kurkuma_tee_20st_40g.jpg"
            ],
            "ItemTitle": "Alnatura Bio Ingwer Kurkuma Tee mit Koriandersamen 20ST 40G",
            "ItemPrice": "2,89€",
            "ItemUnit": "72,25€/kg",
            "local_image_path": "Bio-Produkte/Getränke von Alnatura/bio_alnatura_ingwer_kurkuma_tee_20st_40g.jpg"
          },
          {
            "image_urls": [
              "https://www.edeka24.de/out/pictures/generated/product/1/224_224_90/bio_alnakaffee_loeslich_100g.jpg"
            ],
            "ItemTitle": "Alnatura Bio Kaffee löslich 100G",
            "ItemPrice": "5,49€",
            "ItemUnit": "54,90€/kg",
            "local_image_path": "Lebensmittel/Kaffee & Tee/bio_alnakaffee_loeslich_100g.jpg"
          },
          {
            "image_urls": [
              "https://www.edeka24.de/out/pictures/generated/product/1/224_224_90/alnaturakaffeesahne.jpg"
            ],
            "ItemTitle": "Alnatura Bio Kaffeesahne 10% Fett 165G",
            "ItemPrice": "1,09€",
            "ItemUnit": "6,61€/kg",
            "local_image_path": "Bio-Produkte/Getränke von Alnatura/alnaturakaffeesahne.jpg"
          },
          {
            "image_urls": [
              "https://www.edeka24.de/out/pictures/generated/product/1/224_224_90/alnatura_bio_kamillen_tee_20x_15_g.jpg"
            ],
            "ItemTitle": "Alnatura Bio Kamillen Tee 20ST 30G",
            "ItemPrice": "1,59€",
            "ItemUnit": "53,00€/kg",
            "local_image_path": "Bio-Produkte/Getränke von Alnatura/alnatura_bio_kamillen_tee_20x_15_g.jpg"
          },
          {
            "image_urls": [
              "https://www.edeka24.de/out/pictures/generated/product/1/224_224_90/bio_alnatura_karottensaft_naturland_1l.jpg"
            ],
            "ItemTitle": "Alnatura Bio Karottensaft 1L",
            "ItemPrice": "1,79€",
            "ItemUnit": "1,79€/l",
            "local_image_path": "Bio-Produkte/Getränke von Alnatura/bio_alnatura_karottensaft_naturland_1l.jpg"
          },
          {
            "image_urls": [
              "https://www.edeka24.de/out/pictures/generated/product/1/224_224_90/alnatura_bio_kruter_tee.jpg"
            ],
            "ItemTitle": "Alnatura Bio Kräuter Tee 20ST 30G",
            "ItemPrice": "1,49€",
            "ItemUnit": "49,67€/kg",
            "local_image_path": "Bio-Produkte/Getränke von Alnatura/alnatura_bio_kruter_tee.jpg"
          },
          {
            "image_urls": [
              "https://www.edeka24.de/out/pictures/generated/product/1/224_224_90/bio_alnatura_lindenblamp252ten_tee_20st_36g.jpg"
            ],
            "ItemTitle": "Alnatura Bio Lindenblüten Tee 20ST 36G",
            "ItemPrice": "3,19€",
            "ItemUnit": "88,61€/kg",
            "local_image_path": "Bio-Produkte/Getränke von Alnatura/bio_alnatura_lindenblamp252ten_tee_20st_36g.jpg"
          },
          {
            "image_urls": [
              "https://www.edeka24.de/out/pictures/generated/product/1/224_224_90/bio_alnmalzkaffee_100g.jpg"
            ],
            "ItemTitle": "Alnatura Bio Malzkaffee 100G",
            "ItemPrice": "3,29€",
            "ItemUnit": "32,90€/kg",
            "local_image_path": "Bio-Produkte/Getränke von Alnatura/bio_alnmalzkaffee_100g.jpg"
          },
          {
            "image_urls": [
              "https://www.edeka24.de/out/pictures/generated/product/1/224_224_90/alnatura_bio_grner_tee_gemhlen.jpg"
            ],
            "ItemTitle": "Alnatura Bio Matcha Grüntee 30G",
            "ItemPrice": "10,99€",
            "ItemUnit": "366,33€/kg",
            "local_image_path": "Bio-Produkte/Getränke von Alnatura/alnatura_bio_grner_tee_gemhlen.jpg"
          },
          {
            "image_urls": [
              "https://www.edeka24.de/out/pictures/generated/product/1/224_224_90/alnatura_bio_milder_apfelsaft_naturtrb.jpg"
            ],
            "ItemTitle": "Alnatura Bio Milder Apfelsaft naturtrüb 330ML",
            "ItemPrice": "1,29€",
            "ItemUnit": "3,91€/l",
            "local_image_path": "Bio-Produkte/Getränke von Alnatura/alnatura_bio_milder_apfelsaft_naturtrb.jpg"
          },
          {
            "image_urls": [
              "https://www.edeka24.de/out/pictures/generated/product/1/224_224_90/bio_alnnavtemprmerl075l.jpg"
            ],
            "ItemTitle": "Alnatura Bio Navarra Tempranillo-Merlot trocken 0,75L",
            "ItemPrice": "5,29€",
            "ItemUnit": "7,05€/l",
            "local_image_path": "Wein/ Spirituosen/Rotwein/bio_alnnavtemprmerl075l.jpg"
          },
          {
            "image_urls": [
              "https://www.edeka24.de/out/pictures/generated/product/1/224_224_90/alnaturaorangedirekt.jpg"
            ],
            "ItemTitle": "Alnatura Bio Orange Direktsaft 1L",
            "ItemPrice": "3,79€",
            "ItemUnit": "3,79€/l",
            "local_image_path": "Bio-Produkte/Getränke von Alnatura/alnaturaorangedirekt.jpg"
          },
          {
            "image_urls": [
              "https://www.edeka24.de/out/pictures/generated/product/1/224_224_90/alnatura_bio_orangensaft.jpg"
            ],
            "ItemTitle": "Alnatura Bio Orangensaft 330ML",
            "ItemPrice": "1,59€",
            "ItemUnit": "4,82€/l",
            "local_image_path": "Bio-Produkte/Getränke von Alnatura/alnatura_bio_orangensaft.jpg"
          },
          {
            "image_urls": [
              "https://www.edeka24.de/out/pictures/generated/product/1/224_224_90/alnatura_bio_peru_caf_gemahlen_500_g.jpg"
            ],
            "ItemTitle": "Alnatura Bio Peru Café gemahlen 500G",
            "ItemPrice": "9,49€",
            "ItemUnit": "18,98€/kg",
            "local_image_path": "Bio-Produkte/Getränke von Alnatura/alnatura_bio_peru_caf_gemahlen_500_g.jpg"
          },
          {
            "image_urls": [
              "https://www.edeka24.de/out/pictures/generated/product/1/224_224_90/alnatura_bio_pink_grapefruit_saft.jpg"
            ],
            "ItemTitle": "Alnatura Bio Pink Grapefruit Saft 0,75L",
            "ItemPrice": "3,29€",
            "ItemUnit": "4,39€/l",
            "local_image_path": "Bio-Produkte/Getränke von Alnatura/alnatura_bio_pink_grapefruit_saft.jpg"
          },
          {
            "image_urls": [
              "https://www.edeka24.de/out/pictures/generated/product/1/224_224_90/alnatura_bio_primitivo_075l.jpg"
            ],
            "ItemTitle": "Alnatura Bio Primitivo 0,75L",
            "ItemPrice": "5,29€",
            "ItemUnit": "7,05€/l",
            "local_image_path": "Wein/ Spirituosen/Rotwein/alnatura_bio_primitivo_075l.jpg"
          },
          {
            "image_urls": [
              "https://www.edeka24.de/out/pictures/generated/product/1/224_224_90/bio_alnatura_rhabarbertrunk_075l.jpg"
            ],
            "ItemTitle": "Alnatura Bio Rhabarbertrunk 0,75L",
            "ItemPrice": "2,99€",
            "ItemUnit": "3,99€/l",
            "local_image_path": "Bio-Produkte/Getränke von Alnatura/bio_alnatura_rhabarbertrunk_075l.jpg"
          },
          {
            "image_urls": [
              "https://www.edeka24.de/out/pictures/generated/product/1/224_224_90/2000025201-alnatura-bio-salbei-tee.jpg"
            ],
            "ItemTitle": "Alnatura Bio Salbei Tee 20ST 30G",
            "ItemPrice": "1,79€",
            "ItemUnit": "59,67€/kg",
            "local_image_path": "Bio-Produkte/Getränke von Alnatura/2000025201-alnatura-bio-salbei-tee.jpg"
          },
          {
            "image_urls": [
              "https://www.edeka24.de/out/pictures/generated/product/1/224_224_90/bio_alnatura_tomatensaft_mit_meersalz_05l.jpg"
            ],
            "ItemTitle": "Alnatura Bio Tomatensaft 0,5L",
            "ItemPrice": "1,59€",
            "ItemUnit": "3,18€/l",
            "local_image_path": "Bio-Produkte/Getränke von Alnatura/bio_alnatura_tomatensaft_mit_meersalz_05l.jpg"
          },
          {
            "image_urls": [
              "https://www.edeka24.de/out/pictures/generated/product/1/224_224_90/alnarotra.jpg"
            ],
            "ItemTitle": "Alnatura Bio Traubensaft 1L",
            "ItemPrice": "2,69€",
            "ItemUnit": "2,69€/l",
            "local_image_path": "Bio-Produkte/Getränke von Alnatura/alnarotra.jpg"
          },
          {
            "image_urls": [
              "https://www.edeka24.de/out/pictures/generated/product/1/224_224_90/alnatura_bio_traubensaft_naturtrb.jpg"
            ],
            "ItemTitle": "Alnatura Bio Traubensaft naturtrüb 0,33L",
            "ItemPrice": "1,39€",
            "ItemUnit": "4,21€/l",
            "local_image_path": "Bio-Produkte/Getränke von Alnatura/alnatura_bio_traubensaft_naturtrb.jpg"
          },
          {
            "image_urls": [
              "https://www.edeka24.de/out/pictures/generated/product/1/224_224_90/alnatura_bio_trink_kakao_400_g.jpg"
            ],
            "ItemTitle": "Alnatura Bio Trink Kakao 400G",
            "ItemPrice": "3,49€",
            "ItemUnit": "8,73€/kg",
            "local_image_path": "Bio-Produkte/Getränke von Alnatura/alnatura_bio_trink_kakao_400_g.jpg"
          },
          {
            "image_urls": [
              "https://www.edeka24.de/out/pictures/generated/product/1/224_224_90/hohesceisen(1).jpg"
            ],
            "ItemTitle": "Hohes C Plus Eisen 1L",
            "ItemPrice": "2,09€",
            "ItemUnit": "2,09€/lzzgl.0,25€Pfand",
            "local_image_path": "Bio-Produkte/Getränke von Alnatura/hohesceisen(1).jpg"
          },
          {
            "image_urls": [
              "https://www.edeka24.de/out/pictures/generated/product/1/224_224_90/alnatura_bio_apfel_mango_saft.jpg"
            ],
            "ItemTitle": "Alnatura Bio Apfel Mango 100% Direktsaft 0,75L",
            "ItemPrice": "2,49€",
            "ItemUnit": "3,32€/l",
            "local_image_path": "Bio-Produkte/Getränke von Alnatura/alnatura_bio_apfel_mango_saft.jpg"
          },
          {
            "image_urls": [
              "https://www.edeka24.de/out/pictures/generated/product/1/224_224_90/alnatura_bio_apfel_mango_saft(1).jpg"
            ],
            "ItemTitle": "Alnatura Bio Apfel Mango 100% Direktsaft 330ML",
            "ItemPrice": "1,39€",
            "ItemUnit": "4,21€/l",
            "local_image_path": "Bio-Produkte/Getränke von Alnatura/alnatura_bio_apfel_mango_saft(1).jpg"
          },
          {
            "image_urls": [
              "https://www.edeka24.de/out/pictures/generated/product/1/224_224_90/alnatura_bio_apfelsaft_naturtrb.jpg"
            ],
            "ItemTitle": "Alnatura Bio Apfelsaft naturtrüb 1L",
            "ItemPrice": "1,89€",
            "ItemUnit": "1,89€/l",
            "local_image_path": "Bio-Produkte/Getränke von Alnatura/alnatura_bio_apfelsaft_naturtrb.jpg"
          },
          {
            "image_urls": [
              "https://www.edeka24.de/out/pictures/generated/product/1/224_224_90/alnatura_bio_bergkruter_tee_20x_175_g.jpg"
            ],
            "ItemTitle": "Alnatura Bio Bergkräuter Tee 20ST 35G",
            "ItemPrice": "2,49€",
            "ItemUnit": "71,14€/kg",
            "local_image_path": "Bio-Produkte/Getränke von Alnatura/alnatura_bio_bergkruter_tee_20x_175_g.jpg"
          },
          {
            "image_urls": [
              "https://www.edeka24.de/out/pictures/generated/product/1/224_224_90/alnatura_bio_caff_crema.jpg"
            ],
            "ItemTitle": "Alnatura Bio Caffè Crema ganze Bohne 1KG",
            "ItemSalePrice": "13,99€",
            "ItemUnit": "13,99€/kg",
            "local_image_path": "Angebote/default_subcategory/alnatura_bio_caff_crema.jpg"
          },
          {
            "image_urls": [
              "https://www.edeka24.de/out/pictures/generated/product/1/224_224_90/alnatura_bio_coco_drink_natur_033l.jpg"
            ],
            "ItemTitle": "Alnatura Bio Coco Drink Natur 0,33L",
            "ItemPrice": "1,89€",
            "ItemUnit": "5,73€/l",
            "local_image_path": "Bio-Produkte/Getränke von Alnatura/alnatura_bio_coco_drink_natur_033l.jpg"
          },
          {
            "image_urls": [
              "https://www.edeka24.de/out/pictures/generated/product/1/224_224_90/alnatura_bio_pfefferminz_tee_20x_15_g.jpg"
            ],
            "ItemTitle": "Alnatura Bio Demeter Pfefferminz Tee 20ST 30G",
            "ItemPrice": "1,59€",
            "ItemUnit": "53,00€/kg",
            "local_image_path": "Bio-Produkte/Getränke von Alnatura/alnatura_bio_pfefferminz_tee_20x_15_g.jpg"
          },
          {
            "image_urls": [
              "https://www.edeka24.de/out/pictures/generated/product/1/224_224_90/demeter_alnatura_edition_pinot_grigio_trocken_075l.jpg"
            ],
            "ItemTitle": "Alnatura Bio Demeter Pinot Grigio 2018 0,75L",
            "ItemPrice": "5,29€",
            "ItemUnit": "7,05€/l",
            "local_image_path": "Bio-Produkte/Getränke von Alnatura/demeter_alnatura_edition_pinot_grigio_trocken_075l.jpg"
          },
          {
            "image_urls": [
              "https://www.edeka24.de/out/pictures/generated/product/1/224_224_90/bio_alnrote_bete_saft_033l.jpg"
            ],
            "ItemTitle": "Alnatura Bio Demeter Rote Bete Saft feldfrisch 0,33L",
            "ItemPrice": "1,39€",
            "ItemUnit": "4,21€/l",
            "local_image_path": "Bio-Produkte/Getränke von Alnatura/bio_alnrote_bete_saft_033l.jpg"
          },
          {
            "image_urls": [
              "https://www.edeka24.de/out/pictures/generated/product/1/224_224_90/alnatura_bio_dornfelder_halbtrocken_075_ltr.jpg"
            ],
            "ItemTitle": "Alnatura Bio Dornfelder halbtrocken 0,75L",
            "ItemPrice": "4,29€",
            "ItemUnit": "5,72€/l",
            "local_image_path": "Wein/ Spirituosen/Rotwein/alnatura_bio_dornfelder_halbtrocken_075_ltr.jpg"
          },
          {
            "image_urls": [
              "https://www.edeka24.de/out/pictures/generated/product/1/224_224_90/bio_alnatura_minze_dreierlei_tee_20st_30g.jpg"
            ],
            "ItemTitle": "Alnatura Bio Dreierlei Minze Tee 20ST 30G",
            "ItemPrice": "2,29€",
            "ItemUnit": "76,33€/kg",
            "local_image_path": "Lebensmittel/Kaffee & Tee/bio_alnatura_minze_dreierlei_tee_20st_30g.jpg"
          },
          {
            "image_urls": [
              "https://www.edeka24.de/out/pictures/generated/product/1/224_224_90/alnatura_bio_earl_grey_schwarztee_20x_175_g.jpg"
            ],
            "ItemTitle": "Alnatura Bio Earl Grey 20ST 35G",
            "ItemPrice": "2,49€",
            "ItemUnit": "71,14€/kg",
            "local_image_path": "Lebensmittel/Kaffee & Tee/alnatura_bio_earl_grey_schwarztee_20x_175_g.jpg"
          },
          {
            "image_urls": [
              "https://www.edeka24.de/out/pictures/generated/product/1/224_224_90/alnaturaeistee.jpg"
            ],
            "ItemTitle": "Alnatura Bio Eistee Grüner Tee Apfel-Zitrone 1L",
            "ItemPrice": "2,19€",
            "ItemUnit": "2,19€/l",
            "local_image_path": "Bio-Produkte/Getränke von Alnatura/alnaturaeistee.jpg"
          },
          {
            "image_urls": [
              "https://www.edeka24.de/out/pictures/generated/product/1/224_224_90/espressobildbearbeitet.png"
            ],
            "ItemTitle": "Alnatura Bio Espresso gemahlen 250G",
            "ItemPrice": "4,79€",
            "ItemUnit": "19,16€/kg",
            "local_image_path": "Bio-Produkte/Getränke von Alnatura/espressobildbearbeitet.png"
          },
          {
            "image_urls": [
              "https://www.edeka24.de/out/pictures/generated/product/1/224_224_90/alnatura_bio_frhstckssaft.jpg"
            ],
            "ItemTitle": "Alnatura Bio Frühstückssaft 0,75L",
            "ItemPrice": "2,79€",
            "ItemUnit": "3,72€/l",
            "local_image_path": "Bio-Produkte/Getränke von Alnatura/alnatura_bio_frhstckssaft.jpg"
          },
          {
            "image_urls": [
              "https://www.edeka24.de/out/pictures/generated/product/1/224_224_90/alnatura_bio_gemsesaft.jpg"
            ],
            "ItemTitle": "Alnatura Bio Gemüsesaft 0,5L",
            "ItemPrice": "1,59€",
            "ItemUnit": "3,18€/l",
            "local_image_path": "Lebensmittel/Getränke/alnatura_bio_gemsesaft.jpg"
          },
          {
            "image_urls": [
              "https://www.edeka24.de/out/pictures/generated/product/1/224_224_90/alnatura_bio_grner_tee_gunpowder_lose_100_g.jpg"
            ],
            "ItemTitle": "Alnatura Bio Grüner Tee Gunpowder lose 100G",
            "ItemPrice": "2,99€",
            "ItemUnit": "29,90€/kg",
            "local_image_path": "Bio-Produkte/Getränke von Alnatura/alnatura_bio_grner_tee_gunpowder_lose_100_g.jpg"
          },
          {
            "image_urls": [
              "https://www.edeka24.de/out/pictures/generated/product/1/224_224_90/alnaturagrnerteeingwerlemon.jpg"
            ],
            "ItemTitle": "Alnatura Bio Grüner Tee Ingwer Lemon 20ST 30G",
            "ItemPrice": "1,79€",
            "ItemUnit": "59,67€/kg",
            "local_image_path": "Lebensmittel/Kaffee & Tee/alnaturagrnerteeingwerlemon.jpg"
          },
          {
            "image_urls": [
              "https://www.edeka24.de/out/pictures/generated/product/1/224_224_90/4104420060265--alnatura-bio-grner-tee-jasmin.jpg"
            ],
            "ItemTitle": "Alnatura Bio Grüner Tee Jasmin 20ST 30G",
            "ItemPrice": "2,29€",
            "ItemUnit": "76,33€/kg",
            "local_image_path": "Bio-Produkte/Getränke von Alnatura/4104420060265--alnatura-bio-grner-tee-jasmin.jpg"
          },
          {
            "image_urls": [
              "https://www.edeka24.de/out/pictures/generated/product/1/224_224_90/alnatura_bio_grner_tee_sencha_20x_15_g.jpg"
            ],
            "ItemTitle": "Alnatura Bio Grüner Tee Sencha 20ST 30G",
            "ItemPrice": "1,49€",
            "ItemUnit": "49,67€/kg",
            "local_image_path": "Lebensmittel/Kaffee & Tee/alnatura_bio_grner_tee_sencha_20x_15_g.jpg"
          },
          {
            "image_urls": [
              "https://www.edeka24.de/out/pictures/generated/product/1/224_224_90/alnatura_bio_grner_tee_sencha_lose_75_g.jpg"
            ],
            "ItemTitle": "Alnatura Bio Grüner Tee Sencha lose 75G",
            "ItemPrice": "2,49€",
            "ItemUnit": "33,20€/kg",
            "local_image_path": "Bio-Produkte/Getränke von Alnatura/alnatura_bio_grner_tee_sencha_lose_75_g.jpg"
          },
          {
            "image_urls": [
              "https://www.edeka24.de/out/pictures/generated/product/1/224_224_90/bio_alnatura_ingwer_kurkuma_tee_20st_40g.jpg"
            ],
            "ItemTitle": "Alnatura Bio Ingwer Kurkuma Tee mit Koriandersamen 20ST 40G",
            "ItemPrice": "2,89€",
            "ItemUnit": "72,25€/kg",
            "local_image_path": "Bio-Produkte/Getränke von Alnatura/bio_alnatura_ingwer_kurkuma_tee_20st_40g.jpg"
          },
          {
            "image_urls": [
              "https://www.edeka24.de/out/pictures/generated/product/1/224_224_90/bio_alnakaffee_loeslich_100g.jpg"
            ],
            "ItemTitle": "Alnatura Bio Kaffee löslich 100G",
            "ItemPrice": "5,49€",
            "ItemUnit": "54,90€/kg",
            "local_image_path": "Lebensmittel/Kaffee & Tee/bio_alnakaffee_loeslich_100g.jpg"
          },
          {
            "image_urls": [
              "https://www.edeka24.de/out/pictures/generated/product/1/224_224_90/alnaturakaffeesahne.jpg"
            ],
            "ItemTitle": "Alnatura Bio Kaffeesahne 10% Fett 165G",
            "ItemPrice": "1,09€",
            "ItemUnit": "6,61€/kg",
            "local_image_path": "Bio-Produkte/Getränke von Alnatura/alnaturakaffeesahne.jpg"
          },
          {
            "image_urls": [
              "https://www.edeka24.de/out/pictures/generated/product/1/224_224_90/alnatura_bio_kamillen_tee_20x_15_g.jpg"
            ],
            "ItemTitle": "Alnatura Bio Kamillen Tee 20ST 30G",
            "ItemPrice": "1,59€",
            "ItemUnit": "53,00€/kg",
            "local_image_path": "Bio-Produkte/Getränke von Alnatura/alnatura_bio_kamillen_tee_20x_15_g.jpg"
          },
          {
            "image_urls": [
              "https://www.edeka24.de/out/pictures/generated/product/1/224_224_90/bio_alnatura_karottensaft_naturland_1l.jpg"
            ],
            "ItemTitle": "Alnatura Bio Karottensaft 1L",
            "ItemPrice": "1,79€",
            "ItemUnit": "1,79€/l",
            "local_image_path": "Bio-Produkte/Getränke von Alnatura/bio_alnatura_karottensaft_naturland_1l.jpg"
          },
          {
            "image_urls": [
              "https://www.edeka24.de/out/pictures/generated/product/1/224_224_90/alnatura_bio_kruter_tee.jpg"
            ],
            "ItemTitle": "Alnatura Bio Kräuter Tee 20ST 30G",
            "ItemPrice": "1,49€",
            "ItemUnit": "49,67€/kg",
            "local_image_path": "Bio-Produkte/Getränke von Alnatura/alnatura_bio_kruter_tee.jpg"
          },
          {
            "image_urls": [
              "https://www.edeka24.de/out/pictures/generated/product/1/224_224_90/bio_alnatura_lindenblamp252ten_tee_20st_36g.jpg"
            ],
            "ItemTitle": "Alnatura Bio Lindenblüten Tee 20ST 36G",
            "ItemPrice": "3,19€",
            "ItemUnit": "88,61€/kg",
            "local_image_path": "Bio-Produkte/Getränke von Alnatura/bio_alnatura_lindenblamp252ten_tee_20st_36g.jpg"
          },
          {
            "image_urls": [
              "https://www.edeka24.de/out/pictures/generated/product/1/224_224_90/bio_alnmalzkaffee_100g.jpg"
            ],
            "ItemTitle": "Alnatura Bio Malzkaffee 100G",
            "ItemPrice": "3,29€",
            "ItemUnit": "32,90€/kg",
            "local_image_path": "Bio-Produkte/Getränke von Alnatura/bio_alnmalzkaffee_100g.jpg"
          },
          {
            "image_urls": [
              "https://www.edeka24.de/out/pictures/generated/product/1/224_224_90/alnatura_bio_grner_tee_gemhlen.jpg"
            ],
            "ItemTitle": "Alnatura Bio Matcha Grüntee 30G",
            "ItemPrice": "10,99€",
            "ItemUnit": "366,33€/kg",
            "local_image_path": "Bio-Produkte/Getränke von Alnatura/alnatura_bio_grner_tee_gemhlen.jpg"
          }
        ]
      }
    ]
  },
  {
    "CategoryTitle": "Bio-Produkte",
    "Subcategories": [
      {
        "subcategoryTitle": "Frühstücksartikel von Alnatura",
        "productItems": [
          {
            "image_urls": [
              "https://www.edeka24.de/out/pictures/generated/product/1/224_224_90/4104420012554alnaturabio5-kornflocken.png"
            ],
            "ItemTitle": "Alnatura Bio 5-Kornflocken 500G",
            "ItemPrice": "2,29€",
            "ItemUnit": "4,58€/kg",
            "local_image_path": "Bio-Produkte/Frühstücksartikel von Alnatura/4104420012554alnaturabio5-kornflocken.png"
          },
          {
            "image_urls": [
              "https://www.edeka24.de/out/pictures/generated/product/1/224_224_90/alnatura_bio_amaranth_gepufft.jpg"
            ],
            "ItemTitle": "Alnatura Bio Amaranth gepufft 125G",
            "ItemPrice": "1,89€",
            "ItemUnit": "15,12€/kg",
            "local_image_path": "Bio-Produkte/Frühstücksartikel von Alnatura/alnatura_bio_amaranth_gepufft.jpg"
          },
          {
            "image_urls": [
              "https://www.edeka24.de/out/pictures/generated/product/1/224_224_90/bio_alnatura_basis_mamp252sli_750g.jpg"
            ],
            "ItemTitle": "Alnatura Bio Basis Müsli 750G",
            "ItemPrice": "2,49€",
            "ItemUnit": "3,32€/kg",
            "local_image_path": "Bio-Produkte/Frühstücksartikel von Alnatura/bio_alnatura_basis_mamp252sli_750g.jpg"
          },
          {
            "image_urls": [
              "https://www.edeka24.de/out/pictures/generated/product/1/224_224_90/bio_alnatura_beerenmamp252sli_750g.jpg"
            ],
            "ItemTitle": "Alnatura Bio Beeren Müsli 750G",
            "ItemPrice": "4,79€",
            "ItemUnit": "6,39€/kg",
            "local_image_path": "Bio-Produkte/Frühstücksartikel von Alnatura/bio_alnatura_beerenmamp252sli_750g.jpg"
          },
          {
            "image_urls": [
              "https://www.edeka24.de/out/pictures/generated/product/1/224_224_90/bio_alnatura_berglinse_tomate_balsamico_aufstrich_140g.jpg"
            ],
            "ItemTitle": "Alnatura Bio Berglinse Tomate Balsamico Aufstrich 140G",
            "ItemPrice": "2,49€",
            "ItemUnit": "17,79€/kg",
            "local_image_path": "Bio-Produkte/Frühstücksartikel von Alnatura/bio_alnatura_berglinse_tomate_balsamico_aufstrich_140g.jpg"
          },
          {
            "image_urls": [
              "https://www.edeka24.de/out/pictures/generated/product/1/224_224_90/alnatura_bio_bircher_msli_500_g.jpg"
            ],
            "ItemTitle": "Alnatura Bio Bircher Müsli 500G",
            "ItemPrice": "3,79€",
            "ItemUnit": "7,58€/kg",
            "local_image_path": "Bio-Produkte/Frühstücksartikel von Alnatura/alnatura_bio_bircher_msli_500_g.jpg"
          },
          {
            "image_urls": [
              "https://www.edeka24.de/out/pictures/generated/product/1/224_224_90/alnatura_bio_bltenhonig.jpg"
            ],
            "ItemTitle": "Alnatura Bio Blütenhonig 350G",
            "ItemPrice": "4,29€",
            "ItemUnit": "12,26€/kg",
            "local_image_path": "Bio-Produkte/Frühstücksartikel von Alnatura/alnatura_bio_bltenhonig.jpg"
          },
          {
            "image_urls": [
              "https://www.edeka24.de/out/pictures/generated/product/1/224_224_90/alnatura_bio_brotaufstrich_gartengemse_spinat_walnuss_135_g.jpg"
            ],
            "ItemTitle": "Alnatura Bio Brotaufstrich Spinat Walnuss 135G",
            "ItemPrice": "2,49€",
            "ItemUnit": "18,44€/kg",
            "local_image_path": "Bio-Produkte/Frühstücksartikel von Alnatura/alnatura_bio_brotaufstrich_gartengemse_spinat_walnuss_135_g.jpg"
          },
          {
            "image_urls": [
              "https://www.edeka24.de/out/pictures/generated/product/1/224_224_90/bio_alnatura_bruschetta_schwarze_olive_130g.jpg"
            ],
            "ItemTitle": "Alnatura Bio Bruschetta Schwarze Olive 130G",
            "ItemPrice": "3,49€",
            "ItemUnit": "26,85€/kg",
            "local_image_path": "Bio-Produkte/Frühstücksartikel von Alnatura/bio_alnatura_bruschetta_schwarze_olive_130g.jpg"
          },
          {
            "image_urls": [
              "https://www.edeka24.de/out/pictures/generated/product/1/224_224_90/alnaturadeutscherbltenhonig.jpg"
            ],
            "ItemTitle": "Alnatura Bio Deutscher Blütenhonig 500G",
            "ItemPrice": "8,49€",
            "ItemUnit": "16,98€/kg",
            "local_image_path": "Bio-Produkte/Frühstücksartikel von Alnatura/alnaturadeutscherbltenhonig.jpg"
          },
          {
            "image_urls": [
              "https://www.edeka24.de/out/pictures/generated/product/1/224_224_90/alnatura_bio_chia_kncke_200_g.jpg"
            ],
            "ItemTitle": "Alnatura Bio Dinkel Chia Knäcke 200G",
            "ItemPrice": "2,29€",
            "ItemUnit": "11,45€/kg",
            "local_image_path": "Bio-Produkte/Frühstücksartikel von Alnatura/alnatura_bio_chia_kncke_200_g.jpg"
          },
          {
            "image_urls": [
              "https://www.edeka24.de/out/pictures/generated/product/1/224_224_90/alnatura_bio_dinkel_crunchy_750_g.jpg"
            ],
            "ItemTitle": "Alnatura Bio Dinkel Crunchy 750G",
            "ItemPrice": "4,49€",
            "ItemUnit": "5,99€/kg",
            "local_image_path": "Bio-Produkte/Frühstücksartikel von Alnatura/alnatura_bio_dinkel_crunchy_750_g.jpg"
          },
          {
            "image_urls": [
              "https://www.edeka24.de/out/pictures/generated/product/1/224_224_90/bio_alnatura_dinkel_flakes_200g.jpg"
            ],
            "ItemTitle": "Alnatura Bio Dinkel Flakes 200G",
            "ItemPrice": "2,19€",
            "ItemUnit": "10,95€/kg",
            "local_image_path": "Bio-Produkte/Frühstücksartikel von Alnatura/bio_alnatura_dinkel_flakes_200g.jpg"
          },
          {
            "image_urls": [
              "https://www.edeka24.de/out/pictures/generated/product/1/224_224_90/bio_alnatura_dinkel_gepufft_200g.jpg"
            ],
            "ItemTitle": "Alnatura Bio Dinkel gepufft 200G",
            "ItemPrice": "2,39€",
            "ItemUnit": "11,95€/kg",
            "local_image_path": "Bio-Produkte/Frühstücksartikel von Alnatura/bio_alnatura_dinkel_gepufft_200g.jpg"
          },
          {
            "image_urls": [
              "https://www.edeka24.de/out/pictures/generated/product/1/224_224_90/alnatura_bio_dinkel_hafer_crunchy_375_g.jpg"
            ],
            "ItemTitle": "Alnatura Bio Dinkel Hafer Crunchy 375G",
            "ItemPrice": "2,99€",
            "ItemUnit": "7,97€/kg",
            "local_image_path": "Bio-Produkte/Frühstücksartikel von Alnatura/alnatura_bio_dinkel_hafer_crunchy_375_g.jpg"
          },
          {
            "image_urls": [
              "https://www.edeka24.de/out/pictures/generated/product/1/224_224_90/alnaturadinkelzwieback.jpg"
            ],
            "ItemTitle": "Alnatura Bio Dinkel Zwieback 200G",
            "ItemPrice": "2,19€",
            "ItemUnit": "10,95€/kg",
            "local_image_path": "Bio-Produkte/Frühstücksartikel von Alnatura/alnaturadinkelzwieback.jpg"
          },
          {
            "image_urls": [
              "https://www.edeka24.de/out/pictures/generated/product/1/224_224_90/alnatura_bio_dinkelflocken_feinbaltt.jpg"
            ],
            "ItemTitle": "Alnatura Bio Dinkelflocken Feinblatt 500G",
            "ItemPrice": "2,19€",
            "ItemUnit": "4,38€/kg",
            "local_image_path": "Bio-Produkte/Frühstücksartikel von Alnatura/alnatura_bio_dinkelflocken_feinbaltt.jpg"
          },
          {
            "image_urls": [
              "https://www.edeka24.de/out/pictures/generated/product/1/224_224_90/alnatura_bio_dinkelflocken_groblatt.jpg"
            ],
            "ItemTitle": "Alnatura Bio Dinkelflocken Großblatt 500G",
            "ItemPrice": "2,19€",
            "ItemUnit": "4,38€/kg",
            "local_image_path": "Bio-Produkte/Frühstücksartikel von Alnatura/alnatura_bio_dinkelflocken_groblatt.jpg"
          },
          {
            "image_urls": [
              "https://www.edeka24.de/out/pictures/generated/product/1/224_224_90/bio_alnatura_dinkelgrnkernbrot_500g.jpg"
            ],
            "ItemTitle": "Alnatura Bio Dinkelgrünkernbrot 500G",
            "ItemPrice": "2,19€",
            "ItemUnit": "4,38€/kg",
            "local_image_path": "Lebensmittel/Frühstück & Snacks/bio_alnatura_dinkelgrnkernbrot_500g.jpg"
          },
          {
            "image_urls": [
              "https://www.edeka24.de/out/pictures/generated/product/1/224_224_90/bio_alnatura_eiweiamp223brot_250g.jpg"
            ],
            "ItemTitle": "Alnatura Bio Eiweißbrot 250G",
            "ItemPrice": "2,49€",
            "ItemUnit": "9,96€/kg",
            "local_image_path": "Bio-Produkte/Frühstücksartikel von Alnatura/bio_alnatura_eiweiamp223brot_250g.jpg"
          },
          {
            "image_urls": [
              "https://www.edeka24.de/out/pictures/generated/product/1/224_224_90/bio_alnatura_erdnussmus_crunchy_250g.jpg"
            ],
            "ItemTitle": "Alnatura Bio Erdnussmus Crunchy 250G",
            "ItemPrice": "2,89€",
            "ItemUnit": "11,56€/kg",
            "local_image_path": "Bio-Produkte/Frühstücksartikel von Alnatura/bio_alnatura_erdnussmus_crunchy_250g.jpg"
          },
          {
            "image_urls": [
              "https://www.edeka24.de/out/pictures/generated/product/1/224_224_90/alnatura_bio_erdnussmus_fein_250g.jpg"
            ],
            "ItemTitle": "Alnatura Bio Erdnussmus fein 250G",
            "ItemPrice": "2,89€",
            "ItemUnit": "11,56€/kg",
            "local_image_path": "Bio-Produkte/Frühstücksartikel von Alnatura/alnatura_bio_erdnussmus_fein_250g.jpg"
          },
          {
            "image_urls": [
              "https://www.edeka24.de/out/pictures/generated/product/1/224_224_90/alnatura_bio_fruchtaufstrich_erdbeere.jpg"
            ],
            "ItemTitle": "Alnatura Bio Fruchtaufstrich Erdbeere 420G",
            "ItemPrice": "3,19€",
            "ItemUnit": "7,60€/kg",
            "local_image_path": "Bio-Produkte/Frühstücksartikel von Alnatura/alnatura_bio_fruchtaufstrich_erdbeere.jpg"
          },
          {
            "image_urls": [
              "https://www.edeka24.de/out/pictures/generated/product/1/224_224_90/alnatura_bio_fruchtaufstrich_erdbeere_mit_agavendicksaft_200g.jpg"
            ],
            "ItemTitle": "Alnatura Bio Fruchtaufstrich Erdbeere mit Agavendicksaft 200G",
            "ItemPrice": "2,89€",
            "ItemUnit": "14,45€/kg",
            "local_image_path": "Bio-Produkte/Frühstücksartikel von Alnatura/alnatura_bio_fruchtaufstrich_erdbeere_mit_agavendicksaft_200g.jpg"
          },
          {
            "image_urls": [
              "https://www.edeka24.de/out/pictures/generated/product/1/224_224_90/alnaturafruchtaufstrichhagebutte.jpg"
            ],
            "ItemTitle": "Alnatura Bio Fruchtaufstrich Hagebutte 260G",
            "ItemPrice": "2,19€",
            "ItemUnit": "8,42€/kg",
            "local_image_path": "Bio-Produkte/Frühstücksartikel von Alnatura/alnaturafruchtaufstrichhagebutte.jpg"
          },
          {
            "image_urls": [
              "https://www.edeka24.de/out/pictures/generated/product/1/224_224_90/4104420037465-alnatura-bio-fruchtaufstrichhimbeere.jpg"
            ],
            "ItemTitle": "Alnatura Bio Fruchtaufstrich Himbeere 420G",
            "ItemPrice": "3,99€",
            "ItemUnit": "9,50€/kg",
            "local_image_path": "Bio-Produkte/Frühstücksartikel von Alnatura/4104420037465-alnatura-bio-fruchtaufstrichhimbeere.jpg"
          },
          {
            "image_urls": [
              "https://www.edeka24.de/out/pictures/generated/product/1/224_224_90/alnatura_bio_fruchtaufstrich_himbeere_mit_agavendicksaft_200g.jpg"
            ],
            "ItemTitle": "Alnatura Bio Fruchtaufstrich Himbeere mit Agavendicksaft 200G",
            "ItemPrice": "3,29€",
            "ItemUnit": "16,45€/kg",
            "local_image_path": "Bio-Produkte/Frühstücksartikel von Alnatura/alnatura_bio_fruchtaufstrich_himbeere_mit_agavendicksaft_200g.jpg"
          },
          {
            "image_urls": [
              "https://www.edeka24.de/out/pictures/generated/product/1/224_224_90/alnatura_bio_fruchtaufstrich_marille_aprikose.jpg"
            ],
            "ItemTitle": "Alnatura Bio Fruchtaufstrich Marille Aprikose 420G",
            "ItemPrice": "3,19€",
            "ItemUnit": "7,60€/kg",
            "local_image_path": "Bio-Produkte/Frühstücksartikel von Alnatura/alnatura_bio_fruchtaufstrich_marille_aprikose.jpg"
          },
          {
            "image_urls": [
              "https://www.edeka24.de/out/pictures/generated/product/1/224_224_90/alnatura_bio_fruchtaufstrich_sanddornorange.jpg"
            ],
            "ItemTitle": "Alnatura Bio Fruchtaufstrich Sanddorn-Orange 250G",
            "ItemPrice": "2,19€",
            "ItemUnit": "8,76€/kg",
            "local_image_path": "Lebensmittel/Frühstück & Snacks/alnatura_bio_fruchtaufstrich_sanddornorange.jpg"
          },
          {
            "image_urls": [
              "https://www.edeka24.de/out/pictures/generated/product/1/224_224_90/4104420045804-alnatura-bio-fruchtaufstrich-sauerkirsche.jpg"
            ],
            "ItemTitle": "Alnatura Bio Fruchtaufstrich Sauerkirsche 420G",
            "ItemPrice": "3,19€",
            "ItemUnit": "7,60€/kg",
            "local_image_path": "Bio-Produkte/Frühstücksartikel von Alnatura/4104420045804-alnatura-bio-fruchtaufstrich-sauerkirsche.jpg"
          },
          {
            "image_urls": [
              "https://www.edeka24.de/out/pictures/generated/product/1/224_224_90/alnatura_bio_fruchtaufstrich_waldfrucht.jpg"
            ],
            "ItemTitle": "Alnatura Bio Fruchtaufstrich Waldfrucht 250G",
            "ItemPrice": "2,69€",
            "ItemUnit": "10,76€/kg",
            "local_image_path": "Bio-Produkte/Frühstücksartikel von Alnatura/alnatura_bio_fruchtaufstrich_waldfrucht.jpg"
          },
          {
            "image_urls": [
              "https://www.edeka24.de/out/pictures/generated/product/1/224_224_90/alnatura_bio_frhstcksbrei_rote_beeren.jpg"
            ],
            "ItemTitle": "Alnatura Bio Frühstücksbrei Rote Beeren 500G",
            "ItemPrice": "4,49€",
            "ItemUnit": "8,98€/kg",
            "local_image_path": "Bio-Produkte/Frühstücksartikel von Alnatura/alnatura_bio_frhstcksbrei_rote_beeren.jpg"
          },
          {
            "image_urls": [
              "https://www.edeka24.de/out/pictures/generated/product/1/224_224_90/bio_alnatura_gelbe_linsekurkuma_aufstrich_140g.jpg"
            ],
            "ItemTitle": "Alnatura Bio Gelbe Linse Kurkuma Aufstrich 140G",
            "ItemPrice": "2,29€",
            "ItemUnit": "16,36€/kg",
            "local_image_path": "Bio-Produkte/Frühstücksartikel von Alnatura/bio_alnatura_gelbe_linsekurkuma_aufstrich_140g.jpg"
          },
          {
            "image_urls": [
              "https://www.edeka24.de/out/pictures/generated/product/1/224_224_90/alnatura_bio_hafer_crunchy_750_g.jpg"
            ],
            "ItemTitle": "Alnatura Bio Hafer Crunchy 750G",
            "ItemPrice": "4,79€",
            "ItemUnit": "6,39€/kg",
            "local_image_path": "Bio-Produkte/Frühstücksartikel von Alnatura/alnatura_bio_hafer_crunchy_750_g.jpg"
          },
          {
            "image_urls": [
              "https://www.edeka24.de/out/pictures/generated/product/1/224_224_90/alnatura_bio_frhstcksbrei_haferbrei_basis_500g.jpg"
            ],
            "ItemTitle": "Alnatura Bio Hafer-Dinkel Porridge Basis 500G",
            "ItemPrice": "3,79€",
            "ItemUnit": "7,58€/kg",
            "local_image_path": "Bio-Produkte/Frühstücksartikel von Alnatura/alnatura_bio_frhstcksbrei_haferbrei_basis_500g.jpg"
          },
          {
            "image_urls": [
              "https://www.edeka24.de/out/pictures/generated/product/1/224_224_90/alnatura_bio_haferflocken_feinblatt(1).jpg"
            ],
            "ItemTitle": "Alnatura Bio Haferflocken Feinblatt 1KG",
            "ItemPrice": "2,79€",
            "ItemUnit": "2,79€/kg",
            "local_image_path": "Bio-Produkte/Frühstücksartikel von Alnatura/alnatura_bio_haferflocken_feinblatt(1).jpg"
          },
          {
            "image_urls": [
              "https://www.edeka24.de/out/pictures/generated/product/1/224_224_90/alnatura_bio_haferflocken_feinblatt.jpg"
            ],
            "ItemTitle": "Alnatura Bio Haferflocken Feinblatt klein 500G",
            "ItemPrice": "1,39€",
            "ItemUnit": "2,78€/kg",
            "local_image_path": "Bio-Produkte/Frühstücksartikel von Alnatura/alnatura_bio_haferflocken_feinblatt.jpg"
          },
          {
            "image_urls": [
              "https://www.edeka24.de/out/pictures/generated/product/1/224_224_90/4104420115743-alnatura-haferflocken-groblatt.jpg"
            ],
            "ItemTitle": "Alnatura Bio Haferflocken Großblatt 500G",
            "ItemPrice": "1,39€",
            "ItemUnit": "2,78€/kg",
            "local_image_path": "Bio-Produkte/Frühstücksartikel von Alnatura/4104420115743-alnatura-haferflocken-groblatt.jpg"
          },
          {
            "image_urls": [
              "https://www.edeka24.de/out/pictures/generated/product/1/224_224_90/alnaturahaferflocken.jpg"
            ],
            "ItemTitle": "Alnatura Bio Haferflocken zartschmelzend 250G",
            "ItemPrice": "2,49€",
            "ItemUnit": "9,96€/kg",
            "local_image_path": "Bio-Produkte/Frühstücksartikel von Alnatura/alnaturahaferflocken.jpg"
          },
          {
            "image_urls": [
              "https://www.edeka24.de/out/pictures/generated/product/1/224_224_90/alnatura_bio_haferkleie_mit_keim_500_g.jpg"
            ],
            "ItemTitle": "Alnatura Bio Haferkleie mit Keim 500G",
            "ItemPrice": "2,49€",
            "ItemUnit": "4,98€/kg",
            "local_image_path": "Bio-Produkte/Frühstücksartikel von Alnatura/alnatura_bio_haferkleie_mit_keim_500_g.jpg"
          },
          {
            "image_urls": [
              "https://www.edeka24.de/out/pictures/generated/product/1/224_224_90/bio_alnatura_haselnussmus_250g.jpg"
            ],
            "ItemTitle": "Alnatura Bio Haselnussmus 250G",
            "ItemPrice": "7,49€",
            "ItemUnit": "29,96€/kg",
            "local_image_path": "Bio-Produkte/Frühstücksartikel von Alnatura/bio_alnatura_haselnussmus_250g.jpg"
          },
          {
            "image_urls": [
              "https://www.edeka24.de/out/pictures/generated/product/1/224_224_90/alnaturahirseflocken(1).jpg"
            ],
            "ItemTitle": "Alnatura Bio Hirseflocken 500G",
            "ItemPrice": "2,99€",
            "ItemUnit": "5,98€/kg",
            "local_image_path": "Bio-Produkte/Frühstücksartikel von Alnatura/alnaturahirseflocken(1).jpg"
          },
          {
            "image_urls": [
              "https://www.edeka24.de/out/pictures/generated/product/1/224_224_90/alnatura_bio_hokkaido_krbis_aufstrich_125_g.jpg"
            ],
            "ItemTitle": "Alnatura Bio Hokkaido Kürbis Aufstrich 125G",
            "ItemPrice": "1,89€",
            "ItemUnit": "15,12€/kg",
            "local_image_path": "Bio-Produkte/Frühstücksartikel von Alnatura/alnatura_bio_hokkaido_krbis_aufstrich_125_g.jpg"
          },
          {
            "image_urls": [
              "https://www.edeka24.de/out/pictures/generated/product/1/224_224_90/alnaturafeiblhon.jpg"
            ],
            "ItemTitle": "Alnatura Bio Honig Feine Blüte 500G",
            "ItemPrice": "6,49€",
            "ItemUnit": "12,98€/kg",
            "local_image_path": "Bio-Produkte/Frühstücksartikel von Alnatura/alnaturafeiblhon.jpg"
          },
          {
            "image_urls": [
              "https://www.edeka24.de/out/pictures/generated/product/1/224_224_90/alnaturahonigreiswaffeln.jpg"
            ],
            "ItemTitle": "Alnatura Bio Honig Reis Waffeln 3ST 96G",
            "ItemPrice": "1,89€",
            "ItemUnit": "19,69€/kg",
            "local_image_path": "Lebensmittel/Frühstück & Snacks/alnaturahonigreiswaffeln.jpg"
          },
          {
            "image_urls": [
              "https://www.edeka24.de/out/pictures/generated/product/1/224_224_90/bio_alnatura_hummus_feigedattel_180g(2).jpg"
            ],
            "ItemTitle": "Alnatura Bio Hummus Feige-Dattel 180G",
            "ItemPrice": "2,19€",
            "ItemUnit": "12,17€/kg",
            "local_image_path": "Bio-Produkte/Frühstücksartikel von Alnatura/bio_alnatura_hummus_feigedattel_180g(2).jpg"
          },
          {
            "image_urls": [
              "https://www.edeka24.de/out/pictures/generated/product/1/224_224_90/bio_alnatura_hummus_gegrilltes_gemamp252se_180g.jpg"
            ],
            "ItemTitle": "Alnatura Bio Hummus gegrilltes Gemüse 180G",
            "ItemPrice": "2,29€",
            "ItemUnit": "12,72€/kg",
            "local_image_path": "Bio-Produkte/Frühstücksartikel von Alnatura/bio_alnatura_hummus_gegrilltes_gemamp252se_180g.jpg"
          },
          {
            "image_urls": [
              "https://www.edeka24.de/out/pictures/generated/product/1/224_224_90/bio_alnatura_hummus_natur_180g(1).jpg"
            ],
            "ItemTitle": "Alnatura Bio Hummus Natur 180G",
            "ItemPrice": "2,29€",
            "ItemUnit": "12,72€/kg",
            "local_image_path": "Bio-Produkte/Frühstücksartikel von Alnatura/bio_alnatura_hummus_natur_180g(1).jpg"
          },
          {
            "image_urls": [
              "https://www.edeka24.de/out/pictures/generated/product/1/224_224_90/alnatura_bio_hummus_sonnentomate_180g.jpg"
            ],
            "ItemTitle": "Alnatura Bio Hummus Sonnentomate 180G",
            "ItemPrice": "2,29€",
            "ItemUnit": "12,72€/kg",
            "local_image_path": "Bio-Produkte/Frühstücksartikel von Alnatura/alnatura_bio_hummus_sonnentomate_180g.jpg"
          },
          {
            "image_urls": [
              "https://www.edeka24.de/out/pictures/generated/product/1/224_224_90/alnaturakichererbse-ingweraufstrich.jpg"
            ],
            "ItemTitle": "Alnatura Bio Kichererbse-Ingwer Aufstrich 120G",
            "ItemPrice": "1,89€",
            "ItemUnit": "15,75€/kg",
            "local_image_path": "Bio-Produkte/Frühstücksartikel von Alnatura/alnaturakichererbse-ingweraufstrich.jpg"
          },
          {
            "image_urls": [
              "https://www.edeka24.de/out/pictures/generated/product/1/224_224_90/bio_alnatura_kichererbsenwaffeln_100g.jpg"
            ],
            "ItemTitle": "Alnatura Bio Kichererbsenwaffeln 100G",
            "ItemPrice": "1,79€",
            "ItemUnit": "17,90€/kg",
            "local_image_path": "Bio-Produkte/Frühstücksartikel von Alnatura/bio_alnatura_kichererbsenwaffeln_100g.jpg"
          },
          {
            "image_urls": [
              "https://www.edeka24.de/out/pictures/generated/product/1/224_224_90/bio_alnatura_kidneybohnepaprika_chili_aufstrich_140g.jpg"
            ],
            "ItemTitle": "Alnatura Bio Kidneybohne Paprika Chili Aufstrich 140G",
            "ItemPrice": "2,29€",
            "ItemUnit": "16,36€/kg",
            "local_image_path": "Bio-Produkte/Frühstücksartikel von Alnatura/bio_alnatura_kidneybohnepaprika_chili_aufstrich_140g.jpg"
          },
          {
            "image_urls": [
              "https://www.edeka24.de/out/pictures/generated/product/1/224_224_90/bio_alnatura_kinder_framp252chte_mamp252sli_500g.jpg"
            ],
            "ItemTitle": "Alnatura Bio Kinder Früchte Müsli 500G",
            "ItemPrice": "3,29€",
            "ItemUnit": "6,58€/kg",
            "local_image_path": "Bio-Produkte/Frühstücksartikel von Alnatura/bio_alnatura_kinder_framp252chte_mamp252sli_500g.jpg"
          },
          {
            "image_urls": [
              "https://www.edeka24.de/out/pictures/generated/product/1/224_224_90/alnaturaknckeedeli.jpg"
            ],
            "ItemTitle": "Alnatura Bio Knäcke-Brot Delikatess 250G",
            "ItemPrice": "1,79€",
            "ItemUnit": "7,16€/kg",
            "local_image_path": "Lebensmittel/Frühstück & Snacks/alnaturaknckeedeli.jpg"
          },
          {
            "image_urls": [
              "https://www.edeka24.de/out/pictures/generated/product/1/224_224_90/alnaturakncroggdink.jpg"
            ],
            "ItemTitle": "Alnatura Bio Knäcke-Brot Roggen & Dinkel 250G",
            "ItemPrice": "2,19€",
            "ItemUnit": "8,76€/kg",
            "local_image_path": "Bio-Produkte/Frühstücksartikel von Alnatura/alnaturakncroggdink.jpg"
          },
          {
            "image_urls": [
              "https://www.edeka24.de/out/pictures/generated/product/1/224_224_90/alnaturakncses.jpg"
            ],
            "ItemTitle": "Alnatura Bio Knäcke-Brot Sesam 250G",
            "ItemPrice": "2,19€",
            "ItemUnit": "8,76€/kg",
            "local_image_path": "Bio-Produkte/Frühstücksartikel von Alnatura/alnaturakncses.jpg"
          },
          {
            "image_urls": [
              "https://www.edeka24.de/out/pictures/generated/product/1/224_224_90/alnatura_bio_knusper_br_msli.jpg"
            ],
            "ItemTitle": "Alnatura Bio Knusper Bär 375G",
            "ItemPrice": "2,99€",
            "ItemUnit": "7,97€/kg",
            "local_image_path": "Bio-Produkte/Frühstücksartikel von Alnatura/alnatura_bio_knusper_br_msli.jpg"
          },
          {
            "image_urls": [
              "https://www.edeka24.de/out/pictures/generated/product/1/224_224_90/bio_alnatura_kokos_crunchy_375g.jpg"
            ],
            "ItemTitle": "Alnatura Bio Kokos Crunchy 375G",
            "ItemPrice": "3,49€",
            "ItemUnit": "9,31€/kg",
            "local_image_path": "Bio-Produkte/Frühstücksartikel von Alnatura/bio_alnatura_kokos_crunchy_375g.jpg"
          },
          {
            "image_urls": [
              "https://www.edeka24.de/out/pictures/generated/product/1/224_224_90/alnaturakokos-mandel-creme.jpg"
            ],
            "ItemTitle": "Alnatura Bio Kokos-Mandel-Creme 250G",
            "ItemPrice": "5,49€",
            "ItemUnit": "21,96€/kg",
            "local_image_path": "Bio-Produkte/Frühstücksartikel von Alnatura/alnaturakokos-mandel-creme.jpg"
          },
          {
            "image_urls": [
              "https://www.edeka24.de/out/pictures/generated/product/1/224_224_90/alnaturakokosmus.jpg"
            ],
            "ItemTitle": "Alnatura Bio Kokosmus 225G",
            "ItemPrice": "4,29€",
            "ItemUnit": "19,07€/kg",
            "local_image_path": "Bio-Produkte/Frühstücksartikel von Alnatura/alnaturakokosmus.jpg"
          },
          {
            "image_urls": [
              "https://www.edeka24.de/out/pictures/generated/product/1/224_224_90/bio_alnatura_linsen_dal_aufstrich_115g.jpg"
            ],
            "ItemTitle": "Alnatura Bio Linsen Dal Aufstrich 115G",
            "ItemPrice": "1,79€",
            "ItemUnit": "15,57€/kg",
            "local_image_path": "Bio-Produkte/Frühstücksartikel von Alnatura/bio_alnatura_linsen_dal_aufstrich_115g.jpg"
          },
          {
            "image_urls": [
              "https://www.edeka24.de/out/pictures/generated/product/1/224_224_90/alnatura_bio_linsenaufstrich_wie_leberwurst_165_g.jpg"
            ],
            "ItemTitle": "Alnatura Bio Linsenaufstrich wie Leberwurst 165G",
            "ItemPrice": "2,49€",
            "ItemUnit": "15,09€/kg",
            "local_image_path": "Bio-Produkte/Frühstücksartikel von Alnatura/alnatura_bio_linsenaufstrich_wie_leberwurst_165_g.jpg"
          },
          {
            "image_urls": [
              "https://www.edeka24.de/out/pictures/generated/product/1/224_224_90/bio_alnatura_mais_minis_a_la_sour_creamampamponion_50g.jpg"
            ],
            "ItemTitle": "Alnatura Bio Mais Minis a la Sour Cream & Onion 50G",
            "ItemPrice": "1,29€",
            "ItemUnit": "25,80€/kg",
            "local_image_path": "Bio-Produkte/Frühstücksartikel von Alnatura/bio_alnatura_mais_minis_a_la_sour_creamampamponion_50g.jpg"
          },
          {
            "image_urls": [
              "https://www.edeka24.de/out/pictures/generated/product/1/224_224_90/bio_alnatura_maiswaffel_natur_110g.jpg"
            ],
            "ItemTitle": "Alnatura Bio Maiswaffel natur 110G",
            "ItemPrice": "0,89€",
            "ItemUnit": "8,09€/kg",
            "local_image_path": "Bio-Produkte/Frühstücksartikel von Alnatura/bio_alnatura_maiswaffel_natur_110g.jpg"
          },
          {
            "image_urls": [
              "https://www.edeka24.de/out/pictures/generated/product/1/224_224_90/alnaturamandelmusweis.jpg"
            ],
            "ItemTitle": "Alnatura Bio Mandelmus weiß 250G",
            "ItemPrice": "9,49€",
            "ItemUnit": "37,96€/kg",
            "local_image_path": "Bio-Produkte/Frühstücksartikel von Alnatura/alnaturamandelmusweis.jpg"
          },
          {
            "image_urls": [
              "https://www.edeka24.de/out/pictures/generated/product/1/224_224_90/bio_alnatura_maximamp252sli_1kg.jpg"
            ],
            "ItemTitle": "Alnatura Bio Maxi Müsli 1KG",
            "ItemPrice": "4,49€",
            "ItemUnit": "4,49€/kg",
            "local_image_path": "Bio-Produkte/Frühstücksartikel von Alnatura/bio_alnatura_maximamp252sli_1kg.jpg"
          },
          {
            "image_urls": [
              "https://www.edeka24.de/out/pictures/generated/product/1/224_224_90/alnatura_bio_nuss_crunchy_375g.jpg"
            ],
            "ItemTitle": "Alnatura Bio Nuss Hafer Crunchy 375G",
            "ItemPrice": "3,59€",
            "ItemUnit": "9,57€/kg",
            "local_image_path": "Bio-Produkte/Frühstücksartikel von Alnatura/alnatura_bio_nuss_crunchy_375g.jpg"
          },
          {
            "image_urls": [
              "https://www.edeka24.de/out/pictures/generated/product/1/224_224_90/alnaturanuss-nougat.jpg"
            ],
            "ItemTitle": "Alnatura Bio Nuss-Nougat Creme 400G",
            "ItemPrice": "3,79€",
            "ItemUnit": "9,48€/kg",
            "local_image_path": "Bio-Produkte/Frühstücksartikel von Alnatura/alnaturanuss-nougat.jpg"
          },
          {
            "image_urls": [
              "https://www.edeka24.de/out/pictures/generated/product/1/224_224_90/bio_alnatura_aufstrich_gartengemamp252se_paprika_walnuss_135g.jpg"
            ],
            "ItemTitle": "Alnatura Bio Paprika Walnuss Aufstrich 135G",
            "ItemPrice": "2,49€",
            "ItemUnit": "18,44€/kg",
            "local_image_path": "Bio-Produkte/Frühstücksartikel von Alnatura/bio_alnatura_aufstrich_gartengemamp252se_paprika_walnuss_135g.jpg"
          },
          {
            "image_urls": [
              "https://www.edeka24.de/out/pictures/generated/product/1/224_224_90/alnaturapaprika-cashewaufstrich.jpg"
            ],
            "ItemTitle": "Alnatura Bio Paprika-Cashew Aufstrich 125G",
            "ItemPrice": "1,89€",
            "ItemUnit": "15,12€/kg",
            "local_image_path": "Bio-Produkte/Frühstücksartikel von Alnatura/alnaturapaprika-cashewaufstrich.jpg"
          },
          {
            "image_urls": [
              "https://www.edeka24.de/out/pictures/generated/product/1/224_224_90/bio_alnatura_pastete_champignon_125g.jpg"
            ],
            "ItemTitle": "Alnatura Bio Pastete Champignon 125G",
            "ItemPrice": "1,89€",
            "ItemUnit": "15,12€/kg",
            "local_image_path": "Bio-Produkte/Frühstücksartikel von Alnatura/bio_alnatura_pastete_champignon_125g.jpg"
          },
          {
            "image_urls": [
              "https://www.edeka24.de/out/pictures/generated/product/1/224_224_90/bio_alnatura_pastete_delikatess_125g.jpg"
            ],
            "ItemTitle": "Alnatura Bio Pastete Delikatess 125G",
            "ItemPrice": "1,89€",
            "ItemUnit": "15,12€/kg",
            "local_image_path": "Bio-Produkte/Frühstücksartikel von Alnatura/bio_alnatura_pastete_delikatess_125g.jpg"
          },
          {
            "image_urls": [
              "https://www.edeka24.de/out/pictures/generated/product/1/224_224_90/bio_alnatura_pastete_gramp252ner_pfeffer_125g.jpg"
            ],
            "ItemTitle": "Alnatura Bio Pastete Grüner Pfeffer 125G",
            "ItemPrice": "1,89€",
            "ItemUnit": "15,12€/kg",
            "local_image_path": "Bio-Produkte/Frühstücksartikel von Alnatura/bio_alnatura_pastete_gramp252ner_pfeffer_125g.jpg"
          },
          {
            "image_urls": [
              "https://www.edeka24.de/out/pictures/generated/product/1/224_224_90/bio_alnatura_pastete_kramp228uter_vegan_125g.jpg"
            ],
            "ItemTitle": "Alnatura Bio Pastete Kräuter 125G",
            "ItemPrice": "1,89€",
            "ItemUnit": "15,12€/kg",
            "local_image_path": "Bio-Produkte/Frühstücksartikel von Alnatura/bio_alnatura_pastete_kramp228uter_vegan_125g.jpg"
          },
          {
            "image_urls": [
              "https://www.edeka24.de/out/pictures/generated/product/1/224_224_90/bio_alnatura_pastete_olive_125g.jpg"
            ],
            "ItemTitle": "Alnatura Bio Pastete Olive 125G",
            "ItemPrice": "1,89€",
            "ItemUnit": "15,12€/kg",
            "local_image_path": "Lebensmittel/Frühstück & Snacks/bio_alnatura_pastete_olive_125g.jpg"
          },
          {
            "image_urls": [
              "https://www.edeka24.de/out/pictures/generated/product/1/224_224_90/bio_alnatura_pastete_shiitake_125g.jpg"
            ],
            "ItemTitle": "Alnatura Bio Pastete Shiitake 125G",
            "ItemPrice": "1,89€",
            "ItemUnit": "15,12€/kg",
            "local_image_path": "Bio-Produkte/Frühstücksartikel von Alnatura/bio_alnatura_pastete_shiitake_125g.jpg"
          },
          {
            "image_urls": [
              "https://www.edeka24.de/out/pictures/generated/product/1/224_224_90/alnatura_bio_pflaumenmus.jpg"
            ],
            "ItemTitle": "Alnatura Bio Pflaumenmus 450G",
            "ItemPrice": "3,79€",
            "ItemUnit": "8,42€/kg",
            "local_image_path": "Bio-Produkte/Frühstücksartikel von Alnatura/alnatura_bio_pflaumenmus.jpg"
          },
          {
            "image_urls": [
              "https://www.edeka24.de/out/pictures/generated/product/1/224_224_90/bio_alnatura_protein_mamp252sli_350g.jpg"
            ],
            "ItemTitle": "Alnatura Bio Protein Müsli 350G",
            "ItemPrice": "3,99€",
            "ItemUnit": "11,40€/kg",
            "local_image_path": "Bio-Produkte/Frühstücksartikel von Alnatura/bio_alnatura_protein_mamp252sli_350g.jpg"
          },
          {
            "image_urls": [
              "https://www.edeka24.de/out/pictures/generated/product/1/224_224_90/alnatura_bio_quinoa_gepufft.jpg"
            ],
            "ItemTitle": "Alnatura Bio Quinoa gepufft 125G",
            "ItemPrice": "3,29€",
            "ItemUnit": "26,32€/kg",
            "local_image_path": "Bio-Produkte/Frühstücksartikel von Alnatura/alnatura_bio_quinoa_gepufft.jpg"
          },
          {
            "image_urls": [
              "https://www.edeka24.de/out/pictures/generated/product/1/224_224_90/alnatura_bio_reis_flocken_500_g.jpg"
            ],
            "ItemTitle": "Alnatura Bio Reis Flocken 500G",
            "ItemPrice": "2,89€",
            "ItemUnit": "5,78€/kg",
            "local_image_path": "Bio-Produkte/Frühstücksartikel von Alnatura/alnatura_bio_reis_flocken_500_g.jpg"
          },
          {
            "image_urls": [
              "https://www.edeka24.de/out/pictures/generated/product/1/224_224_90/alnaturaschokohafercrunchy.jpg"
            ],
            "ItemTitle": "Alnatura Bio Schoko Hafer Crunchy 750G",
            "ItemPrice": "4,49€",
            "ItemUnit": "5,99€/kg",
            "local_image_path": "Bio-Produkte/Frühstücksartikel von Alnatura/alnaturaschokohafercrunchy.jpg"
          },
          {
            "image_urls": [
              "https://www.edeka24.de/out/pictures/generated/product/1/224_224_90/alnatura_bio_schoko_msli_mit_vollmilch_schokolade.jpg"
            ],
            "ItemTitle": "Alnatura Bio Schoko Müsli mit Vollmilch Schokolade 750G",
            "ItemPrice": "3,49€",
            "ItemUnit": "4,65€/kg",
            "local_image_path": "Bio-Produkte/Frühstücksartikel von Alnatura/alnatura_bio_schoko_msli_mit_vollmilch_schokolade.jpg"
          },
          {
            "image_urls": [
              "https://www.edeka24.de/out/pictures/generated/product/1/224_224_90/alnaturaschokoreiswaffelnvmcocos.jpg"
            ],
            "ItemTitle": "Alnatura Bio Schoko Reis Waffeln Vollmilch Cocos 100G",
            "ItemPrice": "1,69€",
            "ItemUnit": "16,90€/kg",
            "local_image_path": "Bio-Produkte/Frühstücksartikel von Alnatura/alnaturaschokoreiswaffelnvmcocos.jpg"
          },
          {
            "image_urls": [
              "https://www.edeka24.de/out/pictures/generated/product/1/224_224_90/alnatura_bio_schoko_reis_waffeln_zartbitter_orange_100g.jpg"
            ],
            "ItemTitle": "Alnatura Bio Schoko Reis Waffeln Zartbitter Orange 100G",
            "ItemPrice": "1,59€",
            "ItemUnit": "15,90€/kg",
            "local_image_path": "Lebensmittel/Süß & Salzig/alnatura_bio_schoko_reis_waffeln_zartbitter_orange_100g.jpg"
          },
          {
            "image_urls": [
              "https://www.edeka24.de/out/pictures/generated/product/1/224_224_90/bio_alnatura_schokonusscreme_250g.jpg"
            ],
            "ItemTitle": "Alnatura Bio Schoko-Nuss 250G",
            "ItemPrice": "3,99€",
            "ItemUnit": "15,96€/kg",
            "local_image_path": "Bio-Produkte/Frühstücksartikel von Alnatura/bio_alnatura_schokonusscreme_250g.jpg"
          },
          {
            "image_urls": [
              "https://www.edeka24.de/out/pictures/generated/product/1/224_224_90/bio_alnatura_schokonusscreme_500g.jpg"
            ],
            "ItemTitle": "Alnatura Bio Schoko-Nuss 500G",
            "ItemPrice": "7,49€",
            "ItemUnit": "14,98€/kg",
            "local_image_path": "Bio-Produkte/Frühstücksartikel von Alnatura/bio_alnatura_schokonusscreme_500g.jpg"
          },
          {
            "image_urls": [
              "https://www.edeka24.de/out/pictures/generated/product/1/224_224_90/4104420022089alnaturabiosojaflocken.png"
            ],
            "ItemTitle": "Alnatura Bio Sojaflocken 500G",
            "ItemPrice": "2,99€",
            "ItemUnit": "5,98€/kg",
            "local_image_path": "Bio-Produkte/Frühstücksartikel von Alnatura/4104420022089alnaturabiosojaflocken.png"
          },
          {
            "image_urls": [
              "https://www.edeka24.de/out/pictures/generated/product/1/224_224_90/bio_alnatura_streichcreme_curry_mango_papaya_180g.jpg"
            ],
            "ItemTitle": "Alnatura Bio Streichcreme Curry Mango Papaya 180G",
            "ItemPrice": "1,89€",
            "ItemUnit": "10,50€/kg",
            "local_image_path": "Bio-Produkte/Frühstücksartikel von Alnatura/bio_alnatura_streichcreme_curry_mango_papaya_180g.jpg"
          },
          {
            "image_urls": [
              "https://www.edeka24.de/out/pictures/generated/product/1/224_224_90/bio_alnatura_streichcreme_gartenkramp228uter_180g(1).jpg"
            ],
            "ItemTitle": "Alnatura Bio Streichcreme Gartenkräuter Gurke 180G",
            "ItemPrice": "1,89€",
            "ItemUnit": "10,50€/kg",
            "local_image_path": "Bio-Produkte/Frühstücksartikel von Alnatura/bio_alnatura_streichcreme_gartenkramp228uter_180g(1).jpg"
          },
          {
            "image_urls": [
              "https://www.edeka24.de/out/pictures/generated/product/1/224_224_90/alnaturastreichcremesenff.jpg"
            ],
            "ItemTitle": "Alnatura Bio Streichcreme Senf 180G",
            "ItemPrice": "1,89€",
            "ItemUnit": "10,50€/kg",
            "local_image_path": "Bio-Produkte/Frühstücksartikel von Alnatura/alnaturastreichcremesenff.jpg"
          },
          {
            "image_urls": [
              "https://www.edeka24.de/out/pictures/generated/product/1/224_224_90/bio_alnatura_streichcreme_tomate_180g(1).jpg"
            ],
            "ItemTitle": "Alnatura Bio Streichcreme Tomate 180G",
            "ItemPrice": "1,89€",
            "ItemUnit": "10,50€/kg",
            "local_image_path": "Bio-Produkte/Frühstücksartikel von Alnatura/bio_alnatura_streichcreme_tomate_180g(1).jpg"
          },
          {
            "image_urls": [
              "https://www.edeka24.de/out/pictures/generated/product/1/224_224_90/bio_alnatura_streichcreme_toskana_180g.jpg"
            ],
            "ItemTitle": "Alnatura Bio Streichcreme Toskana 180G",
            "ItemPrice": "1,89€",
            "ItemUnit": "10,50€/kg",
            "local_image_path": "Bio-Produkte/Frühstücksartikel von Alnatura/bio_alnatura_streichcreme_toskana_180g.jpg"
          },
          {
            "image_urls": [
              "https://www.edeka24.de/out/pictures/generated/product/1/224_224_90/bio_alnatura_aufstrich_gartengemamp252se_tomate_kramp228uter_135g.jpg"
            ],
            "ItemTitle": "Alnatura Bio Tomate Kräuter Aufstrich 135G",
            "ItemPrice": "2,49€",
            "ItemUnit": "18,44€/kg",
            "local_image_path": "Bio-Produkte/Frühstücksartikel von Alnatura/bio_alnatura_aufstrich_gartengemamp252se_tomate_kramp228uter_135g.jpg"
          },
          {
            "image_urls": [
              "https://www.edeka24.de/out/pictures/generated/product/1/224_224_90/alnaturatom-bas-aufstrich.jpg"
            ],
            "ItemTitle": "Alnatura Bio Tomate-Basilikum Aufstrich 110G",
            "ItemPrice": "1,89€",
            "ItemUnit": "17,18€/kg",
            "local_image_path": "Bio-Produkte/Frühstücksartikel von Alnatura/alnaturatom-bas-aufstrich.jpg"
          },
          {
            "image_urls": [
              "https://www.edeka24.de/out/pictures/generated/product/1/224_224_90/alnatura_bio_urkorn_msli_500_g.jpg"
            ],
            "ItemTitle": "Alnatura Bio Urkorn Müsli 500G",
            "ItemPrice": "3,79€",
            "ItemUnit": "7,58€/kg",
            "local_image_path": "Bio-Produkte/Frühstücksartikel von Alnatura/alnatura_bio_urkorn_msli_500_g.jpg"
          },
          {
            "image_urls": [
              "https://www.edeka24.de/out/pictures/generated/product/1/224_224_90/alnatura_bio_zwiebelschmalz_brotaufstrich_165_g.jpg"
            ],
            "ItemTitle": "Alnatura Bio Veganes Zwiebelschmalz 150G",
            "ItemPrice": "2,19€",
            "ItemUnit": "14,60€/kg",
            "local_image_path": "Bio-Produkte/Frühstücksartikel von Alnatura/alnatura_bio_zwiebelschmalz_brotaufstrich_165_g.jpg"
          },
          {
            "image_urls": [
              "https://www.edeka24.de/out/pictures/generated/product/1/224_224_90/alnaturavieblho.jpg"
            ],
            "ItemTitle": "Alnatura Bio Vielblütenhonig 500G",
            "ItemPrice": "4,99€",
            "ItemUnit": "9,98€/kg",
            "local_image_path": "Bio-Produkte/Frühstücksartikel von Alnatura/alnaturavieblho.jpg"
          },
          {
            "image_urls": [
              "https://www.edeka24.de/out/pictures/generated/product/1/224_224_90/alnatura_bio_hafer_crunchy_waldbeere_375_g.jpg"
            ],
            "ItemTitle": "Alnatura Bio Waldbeere Hafer Crunchy 375G",
            "ItemPrice": "3,79€",
            "ItemUnit": "10,11€/kg",
            "local_image_path": "Bio-Produkte/Frühstücksartikel von Alnatura/alnatura_bio_hafer_crunchy_waldbeere_375_g.jpg"
          },
          {
            "image_urls": [
              "https://www.edeka24.de/out/pictures/generated/product/1/224_224_90/alnatura_bio_waldhonig.jpg"
            ],
            "ItemTitle": "Alnatura Bio Waldhonig 350G",
            "ItemPrice": "5,29€",
            "ItemUnit": "15,11€/kg",
            "local_image_path": "Bio-Produkte/Frühstücksartikel von Alnatura/alnatura_bio_waldhonig.jpg"
          },
          {
            "image_urls": [
              "https://www.edeka24.de/out/pictures/generated/product/1/224_224_90/4104420024526-alnatura-bio-waldhonig.jpg"
            ],
            "ItemTitle": "Alnatura Bio Waldhonig 500G",
            "ItemPrice": "6,29€",
            "ItemUnit": "12,58€/kg",
            "local_image_path": "Bio-Produkte/Frühstücksartikel von Alnatura/4104420024526-alnatura-bio-waldhonig.jpg"
          },
          {
            "image_urls": [
              "https://www.edeka24.de/out/pictures/generated/product/1/224_224_90/alnatura_bio_hafer_crunchy_schoko_feinherb_375_g.jpg"
            ],
            "ItemTitle": "Alnatura Bio Zartbitter Hafer Crunchy 375G",
            "ItemPrice": "3,29€",
            "ItemUnit": "8,77€/kg",
            "local_image_path": "Bio-Produkte/Frühstücksartikel von Alnatura/alnatura_bio_hafer_crunchy_schoko_feinherb_375_g.jpg"
          },
          {
            "image_urls": [
              "https://www.edeka24.de/out/pictures/generated/product/1/224_224_90/alnatura_bio_zartbitter_kakaocreme_350_g.jpg"
            ],
            "ItemTitle": "Alnatura Bio Zartbitter Kakao-Creme 350G",
            "ItemPrice": "3,79€",
            "ItemUnit": "10,83€/kg",
            "local_image_path": "Bio-Produkte/Frühstücksartikel von Alnatura/alnatura_bio_zartbitter_kakaocreme_350_g.jpg"
          },
          {
            "image_urls": [
              "https://www.edeka24.de/out/pictures/generated/product/1/224_224_90/bio_alnatura_cornflakes_375g.jpg"
            ],
            "ItemTitle": "Alnatura BioCornflakes 375g",
            "ItemPrice": "2,39€",
            "ItemUnit": "6,37€/kg",
            "local_image_path": "Bio-Produkte/Frühstücksartikel von Alnatura/bio_alnatura_cornflakes_375g.jpg"
          },
          {
            "image_urls": [
              "https://www.edeka24.de/out/pictures/generated/product/1/224_224_90/alnaerdcre.jpg"
            ],
            "ItemTitle": "Bio Alnatura Erdnusscreme Crunchy 250G",
            "ItemPrice": "2,99€",
            "ItemUnit": "11,96€/kg",
            "local_image_path": "Bio-Produkte/Frühstücksartikel von Alnatura/alnaerdcre.jpg"
          },
          {
            "image_urls": [
              "https://www.edeka24.de/out/pictures/generated/product/1/224_224_90/bio_alnatura_streichcreme_aubergine_180g.jpg"
            ],
            "ItemTitle": "Bio Alnatura Streichcreme Aubergine 180G",
            "ItemPrice": "1,89€",
            "ItemUnit": "10,50€/kg",
            "local_image_path": "Bio-Produkte/Frühstücksartikel von Alnatura/bio_alnatura_streichcreme_aubergine_180g.jpg"
          },
          {
            "image_urls": [
              "https://www.edeka24.de/out/pictures/generated/product/1/224_224_90/bio_alnatura_streichcreme_paprikachili_180g.jpg"
            ],
            "ItemTitle": "Bio Alnatura Streichcreme Paprika-Chili 180G",
            "ItemPrice": "1,89€",
            "ItemUnit": "10,50€/kg",
            "local_image_path": "Bio-Produkte/Frühstücksartikel von Alnatura/bio_alnatura_streichcreme_paprikachili_180g.jpg"
          },
          {
            "image_urls": [
              "https://www.edeka24.de/out/pictures/generated/product/1/224_224_90/bio_alnatura_streichcreme_rote_bete_meerrettich_180g.jpg"
            ],
            "ItemTitle": "Bio Alnatura Streichcreme Rote Bete Meerrettich 180G",
            "ItemPrice": "1,89€",
            "ItemUnit": "10,50€/kg",
            "local_image_path": "Bio-Produkte/Frühstücksartikel von Alnatura/bio_alnatura_streichcreme_rote_bete_meerrettich_180g.jpg"
          },
          {
            "image_urls": [
              "https://www.edeka24.de/out/pictures/generated/product/1/224_224_90/edeka_bio_vegan_streichcreme_toskana_180g.jpg"
            ],
            "ItemTitle": "EDEKA Bio My Veggie Alla Toskana 180G",
            "ItemPrice": "1,39€",
            "ItemUnit": "7,72€/kg",
            "local_image_path": "Bio-Produkte/Bio Marken/edeka_bio_vegan_streichcreme_toskana_180g.jpg"
          },
          {
            "image_urls": [
              "https://www.edeka24.de/out/pictures/generated/product/1/224_224_90/bio_alnatura_streichcreme_tomate_180g(1).jpg"
            ],
            "ItemTitle": "Alnatura Bio Streichcreme Tomate 180G",
            "ItemPrice": "1,89€",
            "ItemUnit": "10,50€/kg",
            "local_image_path": "Bio-Produkte/Frühstücksartikel von Alnatura/bio_alnatura_streichcreme_tomate_180g(1).jpg"
          },
          {
            "image_urls": [
              "https://www.edeka24.de/out/pictures/generated/product/1/224_224_90/bio_alnatura_streichcreme_toskana_180g.jpg"
            ],
            "ItemTitle": "Alnatura Bio Streichcreme Toskana 180G",
            "ItemPrice": "1,89€",
            "ItemUnit": "10,50€/kg",
            "local_image_path": "Bio-Produkte/Frühstücksartikel von Alnatura/bio_alnatura_streichcreme_toskana_180g.jpg"
          },
          {
            "image_urls": [
              "https://www.edeka24.de/out/pictures/generated/product/1/224_224_90/bio_alnatura_aufstrich_gartengemamp252se_tomate_kramp228uter_135g.jpg"
            ],
            "ItemTitle": "Alnatura Bio Tomate Kräuter Aufstrich 135G",
            "ItemPrice": "2,49€",
            "ItemUnit": "18,44€/kg",
            "local_image_path": "Bio-Produkte/Frühstücksartikel von Alnatura/bio_alnatura_aufstrich_gartengemamp252se_tomate_kramp228uter_135g.jpg"
          },
          {
            "image_urls": [
              "https://www.edeka24.de/out/pictures/generated/product/1/224_224_90/alnaturatom-bas-aufstrich.jpg"
            ],
            "ItemTitle": "Alnatura Bio Tomate-Basilikum Aufstrich 110G",
            "ItemPrice": "1,89€",
            "ItemUnit": "17,18€/kg",
            "local_image_path": "Bio-Produkte/Frühstücksartikel von Alnatura/alnaturatom-bas-aufstrich.jpg"
          },
          {
            "image_urls": [
              "https://www.edeka24.de/out/pictures/generated/product/1/224_224_90/alnatura_bio_urkorn_msli_500_g.jpg"
            ],
            "ItemTitle": "Alnatura Bio Urkorn Müsli 500G",
            "ItemPrice": "3,79€",
            "ItemUnit": "7,58€/kg",
            "local_image_path": "Bio-Produkte/Frühstücksartikel von Alnatura/alnatura_bio_urkorn_msli_500_g.jpg"
          },
          {
            "image_urls": [
              "https://www.edeka24.de/out/pictures/generated/product/1/224_224_90/alnatura_bio_zwiebelschmalz_brotaufstrich_165_g.jpg"
            ],
            "ItemTitle": "Alnatura Bio Veganes Zwiebelschmalz 150G",
            "ItemPrice": "2,19€",
            "ItemUnit": "14,60€/kg",
            "local_image_path": "Bio-Produkte/Frühstücksartikel von Alnatura/alnatura_bio_zwiebelschmalz_brotaufstrich_165_g.jpg"
          },
          {
            "image_urls": [
              "https://www.edeka24.de/out/pictures/generated/product/1/224_224_90/alnaturavieblho.jpg"
            ],
            "ItemTitle": "Alnatura Bio Vielblütenhonig 500G",
            "ItemPrice": "4,99€",
            "ItemUnit": "9,98€/kg",
            "local_image_path": "Bio-Produkte/Frühstücksartikel von Alnatura/alnaturavieblho.jpg"
          },
          {
            "image_urls": [
              "https://www.edeka24.de/out/pictures/generated/product/1/224_224_90/alnatura_bio_hafer_crunchy_waldbeere_375_g.jpg"
            ],
            "ItemTitle": "Alnatura Bio Waldbeere Hafer Crunchy 375G",
            "ItemPrice": "3,79€",
            "ItemUnit": "10,11€/kg",
            "local_image_path": "Bio-Produkte/Frühstücksartikel von Alnatura/alnatura_bio_hafer_crunchy_waldbeere_375_g.jpg"
          },
          {
            "image_urls": [
              "https://www.edeka24.de/out/pictures/generated/product/1/224_224_90/alnatura_bio_waldhonig.jpg"
            ],
            "ItemTitle": "Alnatura Bio Waldhonig 350G",
            "ItemPrice": "5,29€",
            "ItemUnit": "15,11€/kg",
            "local_image_path": "Bio-Produkte/Frühstücksartikel von Alnatura/alnatura_bio_waldhonig.jpg"
          },
          {
            "image_urls": [
              "https://www.edeka24.de/out/pictures/generated/product/1/224_224_90/4104420024526-alnatura-bio-waldhonig.jpg"
            ],
            "ItemTitle": "Alnatura Bio Waldhonig 500G",
            "ItemPrice": "6,29€",
            "ItemUnit": "12,58€/kg",
            "local_image_path": "Bio-Produkte/Frühstücksartikel von Alnatura/4104420024526-alnatura-bio-waldhonig.jpg"
          },
          {
            "image_urls": [
              "https://www.edeka24.de/out/pictures/generated/product/1/224_224_90/alnatura_bio_hafer_crunchy_schoko_feinherb_375_g.jpg"
            ],
            "ItemTitle": "Alnatura Bio Zartbitter Hafer Crunchy 375G",
            "ItemPrice": "3,29€",
            "ItemUnit": "8,77€/kg",
            "local_image_path": "Bio-Produkte/Frühstücksartikel von Alnatura/alnatura_bio_hafer_crunchy_schoko_feinherb_375_g.jpg"
          },
          {
            "image_urls": [
              "https://www.edeka24.de/out/pictures/generated/product/1/224_224_90/alnatura_bio_zartbitter_kakaocreme_350_g.jpg"
            ],
            "ItemTitle": "Alnatura Bio Zartbitter Kakao-Creme 350G",
            "ItemPrice": "3,79€",
            "ItemUnit": "10,83€/kg",
            "local_image_path": "Bio-Produkte/Frühstücksartikel von Alnatura/alnatura_bio_zartbitter_kakaocreme_350_g.jpg"
          },
          {
            "image_urls": [
              "https://www.edeka24.de/out/pictures/generated/product/1/224_224_90/bio_alnatura_cornflakes_375g.jpg"
            ],
            "ItemTitle": "Alnatura BioCornflakes 375g",
            "ItemPrice": "2,39€",
            "ItemUnit": "6,37€/kg",
            "local_image_path": "Bio-Produkte/Frühstücksartikel von Alnatura/bio_alnatura_cornflakes_375g.jpg"
          },
          {
            "image_urls": [
              "https://www.edeka24.de/out/pictures/generated/product/1/224_224_90/alnaerdcre.jpg"
            ],
            "ItemTitle": "Bio Alnatura Erdnusscreme Crunchy 250G",
            "ItemPrice": "2,99€",
            "ItemUnit": "11,96€/kg",
            "local_image_path": "Bio-Produkte/Frühstücksartikel von Alnatura/alnaerdcre.jpg"
          },
          {
            "image_urls": [
              "https://www.edeka24.de/out/pictures/generated/product/1/224_224_90/bio_alnatura_streichcreme_aubergine_180g.jpg"
            ],
            "ItemTitle": "Bio Alnatura Streichcreme Aubergine 180G",
            "ItemPrice": "1,89€",
            "ItemUnit": "10,50€/kg",
            "local_image_path": "Bio-Produkte/Frühstücksartikel von Alnatura/bio_alnatura_streichcreme_aubergine_180g.jpg"
          },
          {
            "image_urls": [
              "https://www.edeka24.de/out/pictures/generated/product/1/224_224_90/bio_alnatura_streichcreme_paprikachili_180g.jpg"
            ],
            "ItemTitle": "Bio Alnatura Streichcreme Paprika-Chili 180G",
            "ItemPrice": "1,89€",
            "ItemUnit": "10,50€/kg",
            "local_image_path": "Bio-Produkte/Frühstücksartikel von Alnatura/bio_alnatura_streichcreme_paprikachili_180g.jpg"
          },
          {
            "image_urls": [
              "https://www.edeka24.de/out/pictures/generated/product/1/224_224_90/bio_alnatura_streichcreme_rote_bete_meerrettich_180g.jpg"
            ],
            "ItemTitle": "Bio Alnatura Streichcreme Rote Bete Meerrettich 180G",
            "ItemPrice": "1,89€",
            "ItemUnit": "10,50€/kg",
            "local_image_path": "Bio-Produkte/Frühstücksartikel von Alnatura/bio_alnatura_streichcreme_rote_bete_meerrettich_180g.jpg"
          },
          {
            "image_urls": [
              "https://www.edeka24.de/out/pictures/generated/product/1/224_224_90/edeka_bio_vegan_streichcreme_toskana_180g.jpg"
            ],
            "ItemTitle": "EDEKA Bio My Veggie Alla Toskana 180G",
            "ItemPrice": "1,39€",
            "ItemUnit": "7,72€/kg",
            "local_image_path": "Bio-Produkte/Bio Marken/edeka_bio_vegan_streichcreme_toskana_180g.jpg"
          }
        ]
      }
    ]
  },
  {
    "CategoryTitle": "Bio-Produkte",
    "Subcategories": [
      {
        "subcategoryTitle": "Lebensmittel von Alnatura",
        "productItems": [
          {
            "image_urls": [
              "https://www.edeka24.de/out/pictures/generated/product/1/224_224_90/bio_alnatura_5korngetreidebrei_ab_dem_6_monat_250g.jpg"
            ],
            "ItemTitle": "Alnatura Bio 5-Korn-Getreidebrei ab dem 6. Monat 250G",
            "ItemPrice": "2,49€",
            "ItemUnit": "9,96€/kg",
            "local_image_path": "Bio-Produkte/Lebensmittel von Alnatura/bio_alnatura_5korngetreidebrei_ab_dem_6_monat_250g.jpg"
          },
          {
            "image_urls": [
              "https://www.edeka24.de/out/pictures/generated/product/1/224_224_90/alnatura_bio_agavendicksaft.jpg"
            ],
            "ItemTitle": "Alnatura Bio Agavendicksaft 250ML",
            "ItemPrice": "2,79€",
            "ItemUnit": "11,16€/l",
            "local_image_path": "Lebensmittel/Backen & Desserts/alnatura_bio_agavendicksaft.jpg"
          },
          {
            "image_urls": [
              "https://www.edeka24.de/out/pictures/generated/product/1/224_224_90/alnaturaahornsirupgrada.jpg"
            ],
            "ItemTitle": "Alnatura Bio Ahornsirup Grad A 250ML",
            "ItemPrice": "5,79€",
            "ItemUnit": "23,16€/l",
            "local_image_path": "Bio-Produkte/Lebensmittel von Alnatura/alnaturaahornsirupgrada.jpg"
          },
          {
            "image_urls": [
              "https://www.edeka24.de/out/pictures/generated/product/1/224_224_90/bio_alnatura_ahornsirupgrad_c_375ml.jpg"
            ],
            "ItemTitle": "Alnatura Bio Ahornsirup Grad C 375ML",
            "ItemPrice": "7,99€",
            "ItemUnit": "21,31€/l",
            "local_image_path": "Lebensmittel/Backen & Desserts/bio_alnatura_ahornsirupgrad_c_375ml.jpg"
          },
          {
            "image_urls": [
              "https://www.edeka24.de/out/pictures/generated/product/1/224_224_90/alnatura_bio_amaranth_gepufft.jpg"
            ],
            "ItemTitle": "Alnatura Bio Amaranth gepufft 125G",
            "ItemPrice": "1,89€",
            "ItemUnit": "15,12€/kg",
            "local_image_path": "Bio-Produkte/Frühstücksartikel von Alnatura/alnatura_bio_amaranth_gepufft.jpg"
          },
          {
            "image_urls": [
              "https://www.edeka24.de/out/pictures/generated/product/1/224_224_90/alnatura_bio_amaranth_riegel_zartbitter.jpg"
            ],
            "ItemTitle": "Alnatura Bio Amaranth Zartbitter Riegel 25G",
            "ItemPrice": "1,19€",
            "ItemUnit": "47,60€/kg",
            "local_image_path": "Bio-Produkte/Lebensmittel von Alnatura/alnatura_bio_amaranth_riegel_zartbitter.jpg"
          },
          {
            "image_urls": [
              "https://www.edeka24.de/out/pictures/generated/product/1/224_224_90/bio_alnatura_apfelmark_360g(1).jpg"
            ],
            "ItemTitle": "Alnatura Bio Apfelmark 360G",
            "ItemPrice": "1,19€",
            "ItemUnit": "3,31€/kg",
            "local_image_path": "Lebensmittel/Konserven/bio_alnatura_apfelmark_360g(1).jpg"
          },
          {
            "image_urls": [
              "https://www.edeka24.de/out/pictures/generated/product/1/224_224_90/bio_alnatura_apfelmark_700g(1).jpg"
            ],
            "ItemTitle": "Alnatura Bio Apfelmark 700G",
            "ItemPrice": "2,19€",
            "ItemUnit": "3,13€/kg",
            "local_image_path": "Bio-Produkte/Lebensmittel von Alnatura/bio_alnatura_apfelmark_700g(1).jpg"
          },
          {
            "image_urls": [
              "https://www.edeka24.de/out/pictures/generated/product/1/224_224_90/bio_alnatura_apfelmark_guave_mango_maracuja_360g.jpg"
            ],
            "ItemTitle": "Alnatura Bio Apfelmark Guave, Mango & Maracuja 360G",
            "ItemPrice": "1,79€",
            "ItemUnit": "4,97€/kg",
            "local_image_path": "Bio-Produkte/Lebensmittel von Alnatura/bio_alnatura_apfelmark_guave_mango_maracuja_360g.jpg"
          },
          {
            "image_urls": [
              "https://www.edeka24.de/out/pictures/generated/product/1/224_224_90/4104420033740alnaturabioapfelmarkmitaprikose.png"
            ],
            "ItemTitle": "Alnatura Bio Apfelmark mit Aprikose 360G",
            "ItemPrice": "1,69€",
            "ItemUnit": "4,69€/kg",
            "local_image_path": "Bio-Produkte/Lebensmittel von Alnatura/4104420033740alnaturabioapfelmarkmitaprikose.png"
          },
          {
            "image_urls": [
              "https://www.edeka24.de/out/pictures/generated/product/1/224_224_90/4104420033788alnaturabioapfelmarkmitbanane.png"
            ],
            "ItemTitle": "Alnatura Bio Apfelmark mit Banane 360G",
            "ItemPrice": "1,59€",
            "ItemUnit": "4,42€/kg",
            "local_image_path": "Bio-Produkte/Lebensmittel von Alnatura/4104420033788alnaturabioapfelmarkmitbanane.png"
          },
          {
            "image_urls": [
              "https://www.edeka24.de/out/pictures/generated/product/1/224_224_90/alnatura_bio_apfelmark_mit_mango_360_g.jpg"
            ],
            "ItemTitle": "Alnatura Bio Apfelmark mit Mango 360G",
            "ItemPrice": "1,89€",
            "ItemUnit": "5,25€/kg",
            "local_image_path": "Bio-Produkte/Lebensmittel von Alnatura/alnatura_bio_apfelmark_mit_mango_360_g.jpg"
          },
          {
            "image_urls": [
              "https://www.edeka24.de/out/pictures/generated/product/1/224_224_90/bio_alnatura_backhefe_9g.jpg"
            ],
            "ItemTitle": "Alnatura Bio Backhefe 9G",
            "ItemPrice": "0,79€",
            "ItemUnit": "",
            "local_image_path": "Lebensmittel/Backen & Desserts/bio_alnatura_backhefe_9g.jpg"
          },
          {
            "image_urls": [
              "https://www.edeka24.de/out/pictures/generated/product/1/224_224_90/bio_alnatura_reinweinstein_backpulver_72g.jpg"
            ],
            "ItemTitle": "Alnatura Bio Backpulver Reinweinstein 4ST 72G",
            "ItemPrice": "1,29€",
            "ItemUnit": "17,92€/kg",
            "local_image_path": "Lebensmittel/Backen & Desserts/bio_alnatura_reinweinstein_backpulver_72g.jpg"
          },
          {
            "image_urls": [
              "https://www.edeka24.de/out/pictures/generated/product/1/224_224_90/alnaturabakbea.jpg"
            ],
            "ItemTitle": "Alnatura Bio Baked Beans 360G",
            "ItemPrice": "1,89€",
            "ItemUnit": "5,25€/kg",
            "local_image_path": "Lebensmittel/Konserven/alnaturabakbea.jpg"
          },
          {
            "image_urls": [
              "https://www.edeka24.de/out/pictures/generated/product/1/224_224_90/alnatura_bio_banane_riegel.jpg"
            ],
            "ItemTitle": "Alnatura Bio Banane Riegel 40G",
            "ItemPrice": "1,39€",
            "ItemUnit": "34,75€/kg",
            "local_image_path": "Bio-Produkte/Lebensmittel von Alnatura/alnatura_bio_banane_riegel.jpg"
          },
          {
            "image_urls": [
              "https://www.edeka24.de/out/pictures/generated/product/1/224_224_90/alnatura_bio_bananen_chips.jpg"
            ],
            "ItemTitle": "Alnatura Bio Bananen Chips 150G",
            "ItemPrice": "1,49€",
            "ItemUnit": "9,93€/kg",
            "local_image_path": "Bio-Produkte/Lebensmittel von Alnatura/alnatura_bio_bananen_chips.jpg"
          },
          {
            "image_urls": [
              "https://www.edeka24.de/out/pictures/generated/product/1/224_224_90/bio_alnatura_basilikum_20g.jpg"
            ],
            "ItemTitle": "Alnatura Bio Basilikum 20G",
            "ItemPrice": "2,19€",
            "ItemUnit": "109,50€/kg",
            "local_image_path": "Bio-Produkte/Lebensmittel von Alnatura/bio_alnatura_basilikum_20g.jpg"
          },
          {
            "image_urls": [
              "https://www.edeka24.de/out/pictures/generated/product/1/224_224_90/bio_alnatura_bbq_burger_180g.jpg"
            ],
            "ItemTitle": "Alnatura Bio BBQ Burger 180G",
            "ItemPrice": "3,19€",
            "ItemUnit": "17,72€/kg",
            "local_image_path": "Lebensmittel/Beilagen/bio_alnatura_bbq_burger_180g.jpg"
          },
          {
            "image_urls": [
              "https://www.edeka24.de/out/pictures/generated/product/1/224_224_90/42100478-alnatura-bio-beere-fruchtschnitte.jpg"
            ],
            "ItemTitle": "Alnatura Bio Beere Riegel 75G",
            "ItemPrice": "2,39€",
            "ItemUnit": "31,87€/kg",
            "local_image_path": "Bio-Produkte/Lebensmittel von Alnatura/42100478-alnatura-bio-beere-fruchtschnitte.jpg"
          },
          {
            "image_urls": [
              "https://www.edeka24.de/out/pictures/generated/product/1/224_224_90/alnatura_bio_beluga_linsen_500_g.jpg"
            ],
            "ItemTitle": "Alnatura Bio Beluga Linsen 500G",
            "ItemPrice": "3,29€",
            "ItemUnit": "6,58€/kg",
            "local_image_path": "Bio-Produkte/Lebensmittel von Alnatura/alnatura_bio_beluga_linsen_500_g.jpg"
          },
          {
            "image_urls": [
              "https://www.edeka24.de/out/pictures/generated/product/1/224_224_90/4104420010666-alnatura-bio-berglinsen.jpg"
            ],
            "ItemTitle": "Alnatura Bio Berglinsen 500G",
            "ItemPrice": "2,69€",
            "ItemUnit": "5,38€/kg",
            "local_image_path": "Lebensmittel/Beilagen/4104420010666-alnatura-bio-berglinsen.jpg"
          },
          {
            "image_urls": [
              "https://www.edeka24.de/out/pictures/generated/product/1/224_224_90/bio_alnatura_bowl_nach_indischer_art_250g.jpg"
            ],
            "ItemTitle": "Alnatura Bio Bowl nach indischer Art 250G",
            "ItemPrice": "3,29€",
            "ItemUnit": "13,16€/kg",
            "local_image_path": "Bio-Produkte/Lebensmittel von Alnatura/bio_alnatura_bowl_nach_indischer_art_250g.jpg"
          },
          {
            "image_urls": [
              "https://www.edeka24.de/out/pictures/generated/product/1/224_224_90/bio_alnatura_bowl_nach_mexikanischer_art_250g.jpg"
            ],
            "ItemTitle": "Alnatura Bio Bowl nach mexikanischer Art 250G",
            "ItemPrice": "3,29€",
            "ItemUnit": "13,16€/kg",
            "local_image_path": "Bio-Produkte/Lebensmittel von Alnatura/bio_alnatura_bowl_nach_mexikanischer_art_250g.jpg"
          },
          {
            "image_urls": [
              "https://www.edeka24.de/out/pictures/generated/product/1/224_224_90/bio_alnatura_bratamp246l_750ml(2).jpg"
            ],
            "ItemTitle": "Alnatura Bio Bratöl 750ML",
            "ItemPrice": "5,49€",
            "ItemUnit": "7,32€/l",
            "local_image_path": "Lebensmittel/Würzmittel & Brühen/bio_alnatura_bratamp246l_750ml(2).jpg"
          },
          {
            "image_urls": [
              "https://www.edeka24.de/out/pictures/generated/product/1/224_224_90/bio_alnatura_buchweizen_500g.jpg"
            ],
            "ItemTitle": "Alnatura Bio Buchweizen 500G",
            "ItemPrice": "2,79€",
            "ItemUnit": "5,58€/kg",
            "local_image_path": "Lebensmittel/Beilagen/bio_alnatura_buchweizen_500g.jpg"
          },
          {
            "image_urls": [
              "https://www.edeka24.de/out/pictures/generated/product/1/224_224_90/bio_alnatura_buchweizenmehl_500g.jpg"
            ],
            "ItemTitle": "Alnatura Bio Buchweizenmehl 500G",
            "ItemPrice": "2,69€",
            "ItemUnit": "5,38€/kg",
            "local_image_path": "Bio-Produkte/Lebensmittel von Alnatura/bio_alnatura_buchweizenmehl_500g.jpg"
          },
          {
            "image_urls": [
              "https://www.edeka24.de/out/pictures/generated/product/1/224_224_90/bio_alnatura_bulgur_500g(1).jpg"
            ],
            "ItemTitle": "Alnatura Bio Bulgur 500G",
            "ItemPrice": "2,29€",
            "ItemUnit": "4,58€/kg",
            "local_image_path": "Bio-Produkte/Lebensmittel von Alnatura/bio_alnatura_bulgur_500g(1).jpg"
          },
          {
            "image_urls": [
              "https://www.edeka24.de/out/pictures/generated/product/1/224_224_90/bio_alnatura_butter_sables_110g.jpg"
            ],
            "ItemTitle": "Alnatura Bio Butter Sables 110G",
            "ItemPrice": "2,29€",
            "ItemUnit": "20,82€/kg",
            "local_image_path": "Bio-Produkte/Lebensmittel von Alnatura/bio_alnatura_butter_sables_110g.jpg"
          },
          {
            "image_urls": [
              "https://www.edeka24.de/out/pictures/generated/product/1/224_224_90/bio_alnatura_cappuccinoschokolade_100g.jpg"
            ],
            "ItemTitle": "Alnatura Bio Cappuccino Schokolade 100G",
            "ItemPrice": "2,19€",
            "ItemUnit": "21,90€/kg",
            "local_image_path": "Bio-Produkte/Lebensmittel von Alnatura/bio_alnatura_cappuccinoschokolade_100g.jpg"
          },
          {
            "image_urls": [
              "https://www.edeka24.de/out/pictures/generated/product/1/224_224_90/bio_alnatura_cashew_krokant_riegel_30g.jpg"
            ],
            "ItemTitle": "Alnatura Bio Cashew Krokant Riegel 30G",
            "ItemPrice": "0,99€",
            "ItemUnit": "33,00€/kg",
            "local_image_path": "Bio-Produkte/Lebensmittel von Alnatura/bio_alnatura_cashew_krokant_riegel_30g.jpg"
          },
          {
            "image_urls": [
              "https://www.edeka24.de/out/pictures/generated/product/1/224_224_90/alnatura_bio_cashews_gerstet_amp_gesalzen.jpg"
            ],
            "ItemTitle": "Alnatura Bio Cashews geröstet & gesalzen 100G",
            "ItemPrice": "3,29€",
            "ItemUnit": "32,90€/kg",
            "local_image_path": "Bio-Produkte/Lebensmittel von Alnatura/alnatura_bio_cashews_gerstet_amp_gesalzen.jpg"
          },
          {
            "image_urls": [
              "https://www.edeka24.de/out/pictures/generated/product/1/224_224_90/alnathaicash.jpg"
            ],
            "ItemTitle": "Alnatura Bio Cashews Thai Curry 100G",
            "ItemPrice": "3,79€",
            "ItemUnit": "37,90€/kg",
            "local_image_path": "Bio-Produkte/Lebensmittel von Alnatura/alnathaicash.jpg"
          },
          {
            "image_urls": [
              "https://www.edeka24.de/out/pictures/generated/product/1/224_224_90/bio_alnatura_cornichons330g.jpg"
            ],
            "ItemTitle": "Alnatura Bio Cornichons 330G",
            "ItemPrice": "2,79€",
            "ItemUnit": "14,68€/kg",
            "local_image_path": "Lebensmittel/Konserven/bio_alnatura_cornichons330g.jpg"
          },
          {
            "image_urls": [
              "https://www.edeka24.de/out/pictures/generated/product/1/224_224_90/bio_alnatura_couscous_500g.jpg"
            ],
            "ItemTitle": "Alnatura Bio Couscous 500G",
            "ItemPrice": "1,89€",
            "ItemUnit": "3,78€/kg",
            "local_image_path": "Bio-Produkte/Lebensmittel von Alnatura/bio_alnatura_couscous_500g.jpg"
          },
          {
            "image_urls": [
              "https://www.edeka24.de/out/pictures/generated/product/1/224_224_90/alnatura_bio_curry_gewrz_ketchup_500_ml.jpg"
            ],
            "ItemTitle": "Alnatura Bio Curry Gewürz Ketchup 500ML",
            "ItemPrice": "2,89€",
            "ItemUnit": "5,78€/l",
            "local_image_path": "Lebensmittel/Soßen/alnatura_bio_curry_gewrz_ketchup_500_ml.jpg"
          },
          {
            "image_urls": [
              "https://www.edeka24.de/out/pictures/generated/product/1/224_224_90/alnatura_bio_delikatess_mayonnaise_mit_ei.jpg"
            ],
            "ItemTitle": "Alnatura Bio Delikatess Mayonnaise 250ML",
            "ItemPrice": "2,39€",
            "ItemUnit": "9,56€/l",
            "local_image_path": "Lebensmittel/Soßen/alnatura_bio_delikatess_mayonnaise_mit_ei.jpg"
          },
          {
            "image_urls": [
              "https://www.edeka24.de/out/pictures/generated/product/1/224_224_90/demeter_alnatura_apfelbirne_mit_dinkelgrieamp223_nach_dem_4monat_190g.jpg"
            ],
            "ItemTitle": "Alnatura Bio Demeter Apfel-Birne mit Dinkelgrieß nach dem 4.Monat 190G",
            "ItemPrice": "1,29€",
            "ItemUnit": "6,79€/kg",
            "local_image_path": "Bio-Produkte/Lebensmittel von Alnatura/demeter_alnatura_apfelbirne_mit_dinkelgrieamp223_nach_dem_4monat_190g.jpg"
          },
          {
            "image_urls": [
              "https://www.edeka24.de/out/pictures/generated/product/1/224_224_90/alnatura_bio_demeter_popcornmais_500g(1).jpg"
            ],
            "ItemTitle": "Alnatura Bio Demeter Popcornmais 500G",
            "ItemPrice": "2,39€",
            "ItemUnit": "4,78€/kg",
            "local_image_path": "Bio-Produkte/Lebensmittel von Alnatura/alnatura_bio_demeter_popcornmais_500g(1).jpg"
          },
          {
            "image_urls": [
              "https://www.edeka24.de/out/pictures/generated/product/1/224_224_90/demeter_alnatura_vollkorn_brezeln_125g.jpg"
            ],
            "ItemTitle": "Alnatura Bio Demeter Vollkorn Brezeln 125G",
            "ItemPrice": "1,39€",
            "ItemUnit": "11,12€/kg",
            "local_image_path": "Bio-Produkte/Lebensmittel von Alnatura/demeter_alnatura_vollkorn_brezeln_125g.jpg"
          },
          {
            "image_urls": [
              "https://www.edeka24.de/out/pictures/generated/product/1/224_224_90/alnaturadinkelbackerbsen.jpg"
            ],
            "ItemTitle": "Alnatura Bio Dinkel Backerbsen 125G",
            "ItemPrice": "2,19€",
            "ItemUnit": "17,52€/kg",
            "local_image_path": "Lebensmittel/Würzmittel & Brühen/alnaturadinkelbackerbsen.jpg"
          },
          {
            "image_urls": [
              "https://www.edeka24.de/out/pictures/generated/product/1/224_224_90/demeter_alnatura_dinkel_brezeln_125g.jpg"
            ],
            "ItemTitle": "Alnatura Bio Dinkel Brezeln Sesam 125G",
            "ItemPrice": "1,59€",
            "ItemUnit": "12,72€/kg",
            "local_image_path": "Bio-Produkte/Lebensmittel von Alnatura/demeter_alnatura_dinkel_brezeln_125g.jpg"
          },
          {
            "image_urls": [
              "https://www.edeka24.de/out/pictures/generated/product/1/224_224_90/alnaturadibuke.jpg"
            ],
            "ItemTitle": "Alnatura Bio Dinkel Butterkeks 150G",
            "ItemPrice": "1,79€",
            "ItemUnit": "11,93€/kg",
            "local_image_path": "Bio-Produkte/Lebensmittel von Alnatura/alnaturadibuke.jpg"
          },
          {
            "image_urls": [
              "https://www.edeka24.de/out/pictures/generated/product/1/224_224_90/alnatura_bio_dinkel_cracker_natur.jpg"
            ],
            "ItemTitle": "Alnatura Bio Dinkel Cracker natur 100G",
            "ItemPrice": "1,29€",
            "ItemUnit": "12,90€/kg",
            "local_image_path": "Bio-Produkte/Lebensmittel von Alnatura/alnatura_bio_dinkel_cracker_natur.jpg"
          },
          {
            "image_urls": [
              "https://www.edeka24.de/out/pictures/generated/product/1/224_224_90/alnatura_bio_dinkel_cracker.jpg"
            ],
            "ItemTitle": "Alnatura Bio Dinkel Cracker Sesam 100G",
            "ItemPrice": "1,39€",
            "ItemUnit": "13,90€/kg",
            "local_image_path": "Bio-Produkte/Lebensmittel von Alnatura/alnatura_bio_dinkel_cracker.jpg"
          },
          {
            "image_urls": [
              "https://www.edeka24.de/out/pictures/generated/product/1/224_224_90/alnaturadinkeldoppelkeks.jpg"
            ],
            "ItemTitle": "Alnatura Bio Dinkel Doppel Keks 330G",
            "ItemPrice": "2,69€",
            "ItemUnit": "8,15€/kg",
            "local_image_path": "Bio-Produkte/Lebensmittel von Alnatura/alnaturadinkeldoppelkeks.jpg"
          },
          {
            "image_urls": [
              "https://www.edeka24.de/out/pictures/generated/product/1/224_224_90/alnatura_bio_dinkel_doppel_keks.jpg"
            ],
            "ItemTitle": "Alnatura Bio Dinkel Doppel Keks Zartbitter 330G",
            "ItemPrice": "2,69€",
            "ItemUnit": "8,15€/kg",
            "local_image_path": "Bio-Produkte/Lebensmittel von Alnatura/alnatura_bio_dinkel_doppel_keks.jpg"
          },
          {
            "image_urls": [
              "https://www.edeka24.de/out/pictures/generated/product/1/224_224_90/alnatura_bio_dinkelgrie.jpg"
            ],
            "ItemTitle": "Alnatura Bio Dinkel Grieß 500G",
            "ItemPrice": "2,89€",
            "ItemUnit": "5,78€/kg",
            "local_image_path": "Lebensmittel/Beilagen/alnatura_bio_dinkelgrie.jpg"
          },
          {
            "image_urls": [
              "https://www.edeka24.de/out/pictures/generated/product/1/224_224_90/alnatura_bio_dinkel_knusper_taler_vollmilch_100g.jpg"
            ],
            "ItemTitle": "Alnatura Bio Dinkel Knusper Taler Vollmilch 100G",
            "ItemPrice": "2,99€",
            "ItemUnit": "29,90€/kg",
            "local_image_path": "Bio-Produkte/Lebensmittel von Alnatura/alnatura_bio_dinkel_knusper_taler_vollmilch_100g.jpg"
          },
          {
            "image_urls": [
              "https://www.edeka24.de/out/pictures/generated/product/1/224_224_90/alnatura_bio_dinkel_knusper_taler_zartbitter.jpg"
            ],
            "ItemTitle": "Alnatura Bio Dinkel Knusper Taler Zartbitter 100G",
            "ItemPrice": "2,99€",
            "ItemUnit": "29,90€/kg",
            "local_image_path": "Bio-Produkte/Lebensmittel von Alnatura/alnatura_bio_dinkel_knusper_taler_zartbitter.jpg"
          },
          {
            "image_urls": [
              "https://www.edeka24.de/out/pictures/generated/product/1/224_224_90/bio_alnatura_dinkel_kramp228cker_sesam_175g.jpg"
            ],
            "ItemTitle": "Alnatura Bio Dinkel Kräcker Sesam 175G",
            "ItemPrice": "1,89€",
            "ItemUnit": "10,80€/kg",
            "local_image_path": "Bio-Produkte/Lebensmittel von Alnatura/bio_alnatura_dinkel_kramp228cker_sesam_175g.jpg"
          },
          {
            "image_urls": [
              "https://www.edeka24.de/out/pictures/generated/product/1/224_224_90/alnatura_bio_dinkellocken_500_g.jpg"
            ],
            "ItemTitle": "Alnatura Bio Dinkel Locken 500G",
            "ItemPrice": "2,49€",
            "ItemUnit": "4,98€/kg",
            "local_image_path": "Lebensmittel/Beilagen/alnatura_bio_dinkellocken_500_g.jpg"
          },
          {
            "image_urls": [
              "https://www.edeka24.de/out/pictures/generated/product/1/224_224_90/bio_alnaloeffelbiskuits_125g.jpg"
            ],
            "ItemTitle": "Alnatura Bio Dinkel Löffelbiskuits 125G",
            "ItemPrice": "2,29€",
            "ItemUnit": "18,32€/kg",
            "local_image_path": "Bio-Produkte/Lebensmittel von Alnatura/bio_alnaloeffelbiskuits_125g.jpg"
          },
          {
            "image_urls": [
              "https://www.edeka24.de/out/pictures/generated/product/1/224_224_90/bio_alnadinsemmelbroesel200g.jpg"
            ],
            "ItemTitle": "Alnatura Bio Dinkel Semmelbrösel Paniermehl 200G",
            "ItemPrice": "1,69€",
            "ItemUnit": "8,45€/kg",
            "local_image_path": "Bio-Produkte/Lebensmittel von Alnatura/bio_alnadinsemmelbroesel200g.jpg"
          },
          {
            "image_urls": [
              "https://www.edeka24.de/out/pictures/generated/product/1/224_224_90/alnatura_bio_dinkel_spirelli_500g.jpg"
            ],
            "ItemTitle": "Alnatura Bio Dinkel Spirelli 500G",
            "ItemPrice": "2,29€",
            "ItemUnit": "4,58€/kg",
            "local_image_path": "Lebensmittel/Beilagen/alnatura_bio_dinkel_spirelli_500g.jpg"
          },
          {
            "image_urls": [
              "https://www.edeka24.de/out/pictures/generated/product/1/224_224_90/4104420135864-alnatura-biotortelloni-ricotta-spinat.jpg"
            ],
            "ItemTitle": "Alnatura Bio Dinkel Tortelloni Ricotta Spinat 250G",
            "ItemPrice": "3,19€",
            "ItemUnit": "12,76€/kg",
            "local_image_path": "Lebensmittel/Beilagen/4104420135864-alnatura-biotortelloni-ricotta-spinat.jpg"
          },
          {
            "image_urls": [
              "https://www.edeka24.de/out/pictures/generated/product/1/224_224_90/alnaturadivospa.jpg"
            ],
            "ItemTitle": "Alnatura Bio Dinkel Vollkorn Spaghetti 500G",
            "ItemPrice": "2,29€",
            "ItemUnit": "4,58€/kg",
            "local_image_path": "Bio-Produkte/Lebensmittel von Alnatura/alnaturadivospa.jpg"
          },
          {
            "image_urls": [
              "https://www.edeka24.de/out/pictures/generated/product/1/224_224_90/alnatura_bio_dinkel_waffel_bltter_vollmilch_125_g.jpg"
            ],
            "ItemTitle": "Alnatura Bio Dinkel Waffel Blätter Vollmilch 125G",
            "ItemPrice": "2,99€",
            "ItemUnit": "23,92€/kg",
            "local_image_path": "Bio-Produkte/Lebensmittel von Alnatura/alnatura_bio_dinkel_waffel_bltter_vollmilch_125_g.jpg"
          },
          {
            "image_urls": [
              "https://www.edeka24.de/out/pictures/generated/product/1/224_224_90/bio_alnatura_dinkelmehl_type_1050_1kg.jpg"
            ],
            "ItemTitle": "Alnatura Bio Dinkelmehl Type 1050 1KG",
            "ItemPrice": "2,99€",
            "ItemUnit": "2,99€/kg",
            "local_image_path": "Bio-Produkte/Lebensmittel von Alnatura/bio_alnatura_dinkelmehl_type_1050_1kg.jpg"
          },
          {
            "image_urls": [
              "https://www.edeka24.de/out/pictures/generated/product/1/224_224_90/bio_alnatura_dinkelmehl_type_630_bioland_1kg.jpg"
            ],
            "ItemTitle": "Alnatura Bio Dinkelmehl Type 630 1KG",
            "ItemPrice": "2,79€",
            "ItemUnit": "2,79€/kg",
            "local_image_path": "Bio-Produkte/Lebensmittel von Alnatura/bio_alnatura_dinkelmehl_type_630_bioland_1kg.jpg"
          },
          {
            "image_urls": [
              "https://www.edeka24.de/out/pictures/generated/product/1/224_224_90/alnatura_bio_dinkelvollkornmehl.jpg"
            ],
            "ItemTitle": "Alnatura Bio Dinkelvollkornmehl 1KG",
            "ItemPrice": "2,49€",
            "ItemUnit": "2,49€/kg",
            "local_image_path": "Lebensmittel/Backen & Desserts/alnatura_bio_dinkelvollkornmehl.jpg"
          },
          {
            "image_urls": [
              "https://www.edeka24.de/out/pictures/generated/product/1/224_224_90/bio_alnatura_edelbitter_schokolade_80g.jpg"
            ],
            "ItemTitle": "Alnatura Bio Edelbitter Schokolade 80G",
            "ItemPrice": "1,79€",
            "ItemUnit": "22,38€/kg",
            "local_image_path": "Bio-Produkte/Lebensmittel von Alnatura/bio_alnatura_edelbitter_schokolade_80g.jpg"
          },
          {
            "image_urls": [
              "https://www.edeka24.de/out/pictures/generated/product/1/224_224_90/alnatura_bio_erbsen_amp_karotten_340g.jpg"
            ],
            "ItemTitle": "Alnatura Bio Erbsen & Karotten 340G",
            "ItemPrice": "1,49€",
            "ItemUnit": "6,77€/kg",
            "local_image_path": "Lebensmittel/Konserven/alnatura_bio_erbsen_amp_karotten_340g.jpg"
          },
          {
            "image_urls": [
              "https://www.edeka24.de/out/pictures/generated/product/1/224_224_90/alnaturaerbsen.jpg"
            ],
            "ItemTitle": "Alnatura Bio Erbsen extra fein 350G",
            "ItemPrice": "1,59€",
            "ItemUnit": "6,91€/kg",
            "local_image_path": "Lebensmittel/Konserven/alnaturaerbsen.jpg"
          },
          {
            "image_urls": [
              "https://www.edeka24.de/out/pictures/generated/product/1/224_224_90/alnatura_bio_erbseneintopf_400_g.jpg"
            ],
            "ItemTitle": "Alnatura Bio Erbseneintopf 400G",
            "ItemPrice": "2,49€",
            "ItemUnit": "6,23€/kg",
            "local_image_path": "Lebensmittel/Fertiggerichte/alnatura_bio_erbseneintopf_400_g.jpg"
          },
          {
            "image_urls": [
              "https://www.edeka24.de/out/pictures/generated/product/1/224_224_90/bio_alnatura_falafel_170g.jpg"
            ],
            "ItemTitle": "Alnatura Bio Falafel 170G",
            "ItemPrice": "1,89€",
            "ItemUnit": "11,12€/kg",
            "local_image_path": "Lebensmittel/Beilagen/bio_alnatura_falafel_170g.jpg"
          },
          {
            "image_urls": [
              "https://www.edeka24.de/out/pictures/generated/product/1/224_224_90/alnatura_bio_feigen_klein.jpg"
            ],
            "ItemTitle": "Alnatura Bio Feigen 250G",
            "ItemPrice": "3,99€",
            "ItemUnit": "15,96€/kg",
            "local_image_path": "Bio-Produkte/Lebensmittel von Alnatura/alnatura_bio_feigen_klein.jpg"
          },
          {
            "image_urls": [
              "https://www.edeka24.de/out/pictures/generated/product/1/224_224_90/bio_alnatura_feigen_400g.jpg"
            ],
            "ItemTitle": "Alnatura Bio Feigen 400G",
            "ItemPrice": "7,49€",
            "ItemUnit": "18,73€/kg",
            "local_image_path": "Bio-Produkte/Lebensmittel von Alnatura/bio_alnatura_feigen_400g.jpg"
          },
          {
            "image_urls": [
              "https://www.edeka24.de/out/pictures/generated/product/1/224_224_90/bio_alnatura_feine_bitterschokolade_100g.jpg"
            ],
            "ItemTitle": "Alnatura Bio Feine Bitterschokolade 100G",
            "ItemPrice": "1,59€",
            "ItemUnit": "15,90€/kg",
            "local_image_path": "Bio-Produkte/Lebensmittel von Alnatura/bio_alnatura_feine_bitterschokolade_100g.jpg"
          },
          {
            "image_urls": [
              "https://www.edeka24.de/out/pictures/generated/product/1/224_224_90/bio_alnatura_flohsamen_250g.jpg"
            ],
            "ItemTitle": "Alnatura Bio Flohsamen 250G",
            "ItemPrice": "3,29€",
            "ItemUnit": "13,16€/kg",
            "local_image_path": "Bio-Produkte/Lebensmittel von Alnatura/bio_alnatura_flohsamen_250g.jpg"
          },
          {
            "image_urls": [
              "https://www.edeka24.de/out/pictures/generated/product/1/224_224_90/bio_alnaflohsamenschalen_200g.jpg"
            ],
            "ItemTitle": "Alnatura Bio Flohsamen Schalen 200 g",
            "ItemPrice": "6,49€",
            "ItemUnit": "32,45€/kg",
            "local_image_path": "Lebensmittel/Beilagen/bio_alnaflohsamenschalen_200g.jpg"
          },
          {
            "image_urls": [
              "https://www.edeka24.de/out/pictures/generated/product/1/224_224_90/bio_alnatura_ganze_nuss_schokolade_100g.jpg"
            ],
            "ItemTitle": "Alnatura Bio Ganze Nuss 100G",
            "ItemPrice": "2,29€",
            "ItemUnit": "22,90€/kg",
            "local_image_path": "Bio-Produkte/Lebensmittel von Alnatura/bio_alnatura_ganze_nuss_schokolade_100g.jpg"
          },
          {
            "image_urls": [
              "https://www.edeka24.de/out/pictures/generated/product/1/224_224_90/alnatura_bio_ganze_tomaten_geschlt_400_g.jpg"
            ],
            "ItemTitle": "Alnatura Bio Ganze Tomaten geschält 400G",
            "ItemPrice": "1,19€",
            "ItemUnit": "4,96€/kg",
            "local_image_path": "Bio-Produkte/Lebensmittel von Alnatura/alnatura_bio_ganze_tomaten_geschlt_400_g.jpg"
          },
          {
            "image_urls": [
              "https://www.edeka24.de/out/pictures/generated/product/1/224_224_90/bio_alnatura_ganze_tomaten_400g.jpg"
            ],
            "ItemTitle": "Alnatura Bio Ganze Tomaten geschält 400G",
            "ItemPrice": "1,19€",
            "ItemUnit": "4,96€/kg",
            "local_image_path": "Bio-Produkte/Lebensmittel von Alnatura/bio_alnatura_ganze_tomaten_400g.jpg"
          },
          {
            "image_urls": [
              "https://www.edeka24.de/out/pictures/generated/product/1/224_224_90/alnatura_bio_gelierzucker_21.jpg"
            ],
            "ItemTitle": "Alnatura Bio Gelierzucker 2:1 500G",
            "ItemPrice": "2,89€",
            "ItemUnit": "5,78€/kg",
            "local_image_path": "Bio-Produkte/Lebensmittel von Alnatura/alnatura_bio_gelierzucker_21.jpg"
          },
          {
            "image_urls": [
              "https://www.edeka24.de/out/pictures/generated/product/1/224_224_90/alnatura_bio_gemse_bouillon_6x_11_g.jpg"
            ],
            "ItemTitle": "Alnatura Bio Gemüse Bouillon 6x 11G",
            "ItemPrice": "1,29€",
            "ItemUnit": "19,55€/kg",
            "local_image_path": "Bio-Produkte/Lebensmittel von Alnatura/alnatura_bio_gemse_bouillon_6x_11_g.jpg"
          },
          {
            "image_urls": [
              "https://www.edeka24.de/out/pictures/generated/product/1/224_224_90/alnatura_bio_gemse_bouillon_ohne_hefeextrakt_290_g.jpg"
            ],
            "ItemTitle": "Alnatura Bio Gemüse Bouillon ohne Hefe-Extrakt 290G",
            "ItemPrice": "3,99€",
            "ItemUnit": "13,76€/kg",
            "local_image_path": "Bio-Produkte/Lebensmittel von Alnatura/alnatura_bio_gemse_bouillon_ohne_hefeextrakt_290_g.jpg"
          },
          {
            "image_urls": [
              "https://www.edeka24.de/out/pictures/generated/product/1/224_224_90/alnaturagemrav.jpg"
            ],
            "ItemTitle": "Alnatura Bio Gemüse Ravioli 400G",
            "ItemPrice": "2,69€",
            "ItemUnit": "6,73€/kg",
            "local_image_path": "Lebensmittel/Fertiggerichte/alnaturagemrav.jpg"
          },
          {
            "image_urls": [
              "https://www.edeka24.de/out/pictures/generated/product/1/224_224_90/alnatgemvollburg.jpg"
            ],
            "ItemTitle": "Alnatura Bio Gemüse Vollkorn Burger 210G",
            "ItemPrice": "2,49€",
            "ItemUnit": "11,86€/kg",
            "local_image_path": "Lebensmittel/Beilagen/alnatgemvollburg.jpg"
          },
          {
            "image_urls": [
              "https://www.edeka24.de/out/pictures/generated/product/1/224_224_90/4104420017023-alnatura-bio-gemse-nudel-suppe.jpg"
            ],
            "ItemTitle": "Alnatura Bio Gemüse-Nudel Suppe 40G",
            "ItemPrice": "1,29€",
            "ItemUnit": "32,25€/kg",
            "local_image_path": "Bio-Produkte/Lebensmittel von Alnatura/4104420017023-alnatura-bio-gemse-nudel-suppe.jpg"
          },
          {
            "image_urls": [
              "https://www.edeka24.de/out/pictures/generated/product/1/224_224_90/bio_alnatura_gewamp252rzgurken_ungesamp252amp223t_670g.jpg"
            ],
            "ItemTitle": "Alnatura Bio Gewürzgurken ohne Zuckerzusatz 670G",
            "ItemPrice": "2,99€",
            "ItemUnit": "8,31€/kg",
            "local_image_path": "Lebensmittel/Konserven/bio_alnatura_gewamp252rzgurken_ungesamp252amp223t_670g.jpg"
          },
          {
            "image_urls": [
              "https://www.edeka24.de/out/pictures/generated/product/1/224_224_90/bio_alnagojibeeren_100g.jpg"
            ],
            "ItemTitle": "Alnatura Bio Goji Beeren 100G",
            "ItemPrice": "4,29€",
            "ItemUnit": "42,90€/kg",
            "local_image_path": "Bio-Produkte/Lebensmittel von Alnatura/bio_alnagojibeeren_100g.jpg"
          },
          {
            "image_urls": [
              "https://www.edeka24.de/out/pictures/generated/product/1/224_224_90/bio_alnatura_goldleinsamen_geschrotet_200g(1).jpg"
            ],
            "ItemTitle": "Alnatura Bio Gold Leinsamen geschrotet 200G",
            "ItemPrice": "2,19€",
            "ItemUnit": "10,95€/kg",
            "local_image_path": "Bio-Produkte/Lebensmittel von Alnatura/bio_alnatura_goldleinsamen_geschrotet_200g(1).jpg"
          },
          {
            "image_urls": [
              "https://www.edeka24.de/out/pictures/generated/product/1/224_224_90/bio_alnatura_goldhirse_500g.jpg"
            ],
            "ItemTitle": "Alnatura Bio Goldhirse 500G",
            "ItemPrice": "2,19€",
            "ItemUnit": "4,38€/kg",
            "local_image_path": "Bio-Produkte/Lebensmittel von Alnatura/bio_alnatura_goldhirse_500g.jpg"
          },
          {
            "image_urls": [
              "https://www.edeka24.de/out/pictures/generated/product/1/224_224_90/alnaturarieggelgranatapfel-traube.jpg"
            ],
            "ItemTitle": "Alnatura Bio Granatapfel-Traube Fruchtschnitte 75G",
            "ItemPrice": "2,29€",
            "ItemUnit": "30,53€/kg",
            "local_image_path": "Bio-Produkte/Lebensmittel von Alnatura/alnaturarieggelgranatapfel-traube.jpg"
          },
          {
            "image_urls": [
              "https://www.edeka24.de/out/pictures/generated/product/1/224_224_90/4104420011908alnaturabiogrnkern.png"
            ],
            "ItemTitle": "Alnatura Bio Grünkern 500G",
            "ItemPrice": "3,29€",
            "ItemUnit": "6,58€/kg",
            "local_image_path": "Bio-Produkte/Lebensmittel von Alnatura/4104420011908alnaturabiogrnkern.png"
          },
          {
            "image_urls": [
              "https://www.edeka24.de/out/pictures/generated/product/1/224_224_90/bio_alnatura_hanfsamen_geschamp228lt_200g.jpg"
            ],
            "ItemTitle": "Alnatura Bio Hanfsamen geschält 200G",
            "ItemPrice": "4,99€",
            "ItemUnit": "24,95€/kg",
            "local_image_path": "Bio-Produkte/Lebensmittel von Alnatura/bio_alnatura_hanfsamen_geschamp228lt_200g.jpg"
          },
          {
            "image_urls": [
              "https://www.edeka24.de/out/pictures/generated/product/1/224_224_90/alnatura_bio_haselnsse.jpg"
            ],
            "ItemTitle": "Alnatura Bio Haselnüsse 200G",
            "ItemPrice": "4,99€",
            "ItemUnit": "24,95€/kg",
            "local_image_path": "Bio-Produkte/Lebensmittel von Alnatura/alnatura_bio_haselnsse.jpg"
          },
          {
            "image_urls": [
              "https://www.edeka24.de/out/pictures/generated/product/1/224_224_90/alnatura_bio_haselnsse_gemahlen_150g.jpg"
            ],
            "ItemTitle": "Alnatura Bio Haselnüsse gemahlen 150G",
            "ItemPrice": "3,49€",
            "ItemUnit": "23,27€/kg",
            "local_image_path": "Bio-Produkte/Lebensmittel von Alnatura/alnatura_bio_haselnsse_gemahlen_150g.jpg"
          },
          {
            "image_urls": [
              "https://www.edeka24.de/out/pictures/generated/product/1/224_224_90/bio_alnatura_hefeflocken_100g.jpg"
            ],
            "ItemTitle": "Alnatura Bio Hefeflocken 100G",
            "ItemPrice": "4,29€",
            "ItemUnit": "42,90€/kg",
            "local_image_path": "Bio-Produkte/Lebensmittel von Alnatura/bio_alnatura_hefeflocken_100g.jpg"
          },
          {
            "image_urls": [
              "https://www.edeka24.de/out/pictures/generated/product/1/224_224_90/alnatura_bio_basmati_reis_wei_1_kg.jpg"
            ],
            "ItemTitle": "Alnatura Bio Himalaya Basmati Reis 1KG",
            "ItemPrice": "4,99€",
            "ItemUnit": "4,99€/kg",
            "local_image_path": "Lebensmittel/Beilagen/alnatura_bio_basmati_reis_wei_1_kg.jpg"
          },
          {
            "image_urls": [
              "https://www.edeka24.de/out/pictures/generated/product/1/224_224_90/alnatura_bio_basmati_reis_wei_500g.jpg"
            ],
            "ItemTitle": "Alnatura Bio Himalaya Basmati Reis weiß 500G",
            "ItemPrice": "3,29€",
            "ItemUnit": "6,58€/kg",
            "local_image_path": "Lebensmittel/Beilagen/alnatura_bio_basmati_reis_wei_500g.jpg"
          },
          {
            "image_urls": [
              "https://www.edeka24.de/out/pictures/generated/product/1/224_224_90/alnatura_bio_basmati_reis_vollkorn_500_g.jpg"
            ],
            "ItemTitle": "Alnatura Bio Himalaya Basmati Vollkorn Reis 500G",
            "ItemPrice": "3,29€",
            "ItemUnit": "6,58€/kg",
            "local_image_path": "Lebensmittel/Beilagen/alnatura_bio_basmati_reis_vollkorn_500_g.jpg"
          },
          {
            "image_urls": [
              "https://www.edeka24.de/out/pictures/generated/product/1/224_224_90/bio_alnatura_hirsebamp228llchen_erdnuss_75g.jpg"
            ],
            "ItemTitle": "Alnatura Bio Hirse Bällchen Erdnuss 75G",
            "ItemPrice": "1,49€",
            "ItemUnit": "19,87€/kg",
            "local_image_path": "Bio-Produkte/Lebensmittel von Alnatura/bio_alnatura_hirsebamp228llchen_erdnuss_75g.jpg"
          },
          {
            "image_urls": [
              "https://www.edeka24.de/out/pictures/generated/product/1/224_224_90/alnaturahirseflocken(1).jpg"
            ],
            "ItemTitle": "Alnatura Bio Hirseflocken 500G",
            "ItemPrice": "2,99€",
            "ItemUnit": "5,98€/kg",
            "local_image_path": "Bio-Produkte/Frühstücksartikel von Alnatura/alnaturahirseflocken(1).jpg"
          },
          {
            "image_urls": [
              "https://www.edeka24.de/out/pictures/generated/product/1/224_224_90/alnaturahonigreiswaffeln.jpg"
            ],
            "ItemTitle": "Alnatura Bio Honig Reis Waffeln 3ST 96G",
            "ItemPrice": "1,89€",
            "ItemUnit": "19,69€/kg",
            "local_image_path": "Lebensmittel/Frühstück & Snacks/alnaturahonigreiswaffeln.jpg"
          },
          {
            "image_urls": [
              "https://www.edeka24.de/out/pictures/generated/product/1/224_224_90/alnatura_bio_honig_waffeln.jpg"
            ],
            "ItemTitle": "Alnatura Bio Honig Waffeln 175G",
            "ItemPrice": "2,79€",
            "ItemUnit": "15,94€/kg",
            "local_image_path": "Bio-Produkte/Lebensmittel von Alnatura/alnatura_bio_honig_waffeln.jpg"
          },
          {
            "image_urls": [
              "https://www.edeka24.de/out/pictures/generated/product/1/224_224_90/alnaturahhnerbouilllon.jpg"
            ],
            "ItemTitle": "Alnatura Bio Hühner Bouillon 140G",
            "ItemPrice": "3,19€",
            "ItemUnit": "22,79€/kg",
            "local_image_path": "Bio-Produkte/Lebensmittel von Alnatura/alnaturahhnerbouilllon.jpg"
          },
          {
            "image_urls": [
              "https://www.edeka24.de/out/pictures/generated/product/1/224_224_90/alnatura_bio_hhnernudel_eintopf.jpg"
            ],
            "ItemTitle": "Alnatura Bio Hühner-Nudel Eintopf 400G",
            "ItemPrice": "2,69€",
            "ItemUnit": "6,73€/kg",
            "local_image_path": "Lebensmittel/Fertiggerichte/alnatura_bio_hhnernudel_eintopf.jpg"
          },
          {
            "image_urls": [
              "https://www.edeka24.de/out/pictures/generated/product/1/224_224_90/alnatutrahnernudelsuppe.jpg"
            ],
            "ItemTitle": "Alnatura Bio Hühner-Nudel-Suppe 38G",
            "ItemPrice": "1,29€",
            "ItemUnit": "33,95€/kg",
            "local_image_path": "Bio-Produkte/Lebensmittel von Alnatura/alnatutrahnernudelsuppe.jpg"
          },
          {
            "image_urls": [
              "https://www.edeka24.de/out/pictures/generated/product/1/224_224_90/bio_alnatura_ingwer_gemahlen_45g.jpg"
            ],
            "ItemTitle": "Alnatura Bio Ingwer gemahlen 45G",
            "ItemPrice": "2,99€",
            "ItemUnit": "66,44€/kg",
            "local_image_path": "Bio-Produkte/Lebensmittel von Alnatura/bio_alnatura_ingwer_gemahlen_45g.jpg"
          },
          {
            "image_urls": [
              "https://www.edeka24.de/out/pictures/generated/product/1/224_224_90/alnatura_bio_italienisches_olivenl_nativ_extra.jpg"
            ],
            "ItemTitle": "Alnatura Bio Italienisches Olivenöl Nativ Extra 500ML",
            "ItemPrice": "9,49€",
            "ItemUnit": "18,98€/l",
            "local_image_path": "Bio-Produkte/Lebensmittel von Alnatura/alnatura_bio_italienisches_olivenl_nativ_extra.jpg"
          },
          {
            "image_urls": [
              "https://www.edeka24.de/out/pictures/generated/product/1/224_224_90/bio_alnatura_kakao_doppelkeks_kokos_330g.jpg"
            ],
            "ItemTitle": "Alnatura Bio Kakao Doppelkeks Kokos 330G",
            "ItemPrice": "2,99€",
            "ItemUnit": "9,06€/kg",
            "local_image_path": "Bio-Produkte/Lebensmittel von Alnatura/bio_alnatura_kakao_doppelkeks_kokos_330g.jpg"
          },
          {
            "image_urls": [
              "https://www.edeka24.de/out/pictures/generated/product/1/224_224_90/4104420022782-bio-alnatura-kako-schwach-entlt.jpg"
            ],
            "ItemTitle": "Alnatura Bio Kakao schwach entölt 125G",
            "ItemPrice": "2,29€",
            "ItemUnit": "18,32€/kg",
            "local_image_path": "Bio-Produkte/Lebensmittel von Alnatura/4104420022782-bio-alnatura-kako-schwach-entlt.jpg"
          },
          {
            "image_urls": [
              "https://www.edeka24.de/out/pictures/generated/product/1/224_224_90/bio_alnatura_kakaobutter_100g.jpg"
            ],
            "ItemTitle": "Alnatura Bio Kakaobutter 100G",
            "ItemPrice": "3,29€",
            "ItemUnit": "32,90€/kg",
            "local_image_path": "Bio-Produkte/Lebensmittel von Alnatura/bio_alnatura_kakaobutter_100g.jpg"
          },
          {
            "image_urls": [
              "https://www.edeka24.de/out/pictures/generated/product/1/224_224_90/bio_alnatura_kapern_150g.jpg"
            ],
            "ItemTitle": "Alnatura Bio Kapern in Essiglake 150G",
            "ItemPrice": "3,49€",
            "ItemUnit": "38,78€/kg",
            "local_image_path": "Bio-Produkte/Lebensmittel von Alnatura/bio_alnatura_kapern_150g.jpg"
          },
          {
            "image_urls": [
              "https://www.edeka24.de/out/pictures/generated/product/1/224_224_90/bio_alnakarotkokos_sup375ml.jpg"
            ],
            "ItemTitle": "Alnatura Bio Karotten Kokos Suppe 375ML",
            "ItemPrice": "2,79€",
            "ItemUnit": "7,44€/l",
            "local_image_path": "Bio-Produkte/Lebensmittel von Alnatura/bio_alnakarotkokos_sup375ml.jpg"
          },
          {
            "image_urls": [
              "https://www.edeka24.de/out/pictures/generated/product/1/224_224_90/alnaturakartopr.jpg"
            ],
            "ItemTitle": "Alnatura Bio Kartoffel Püree locker & cremig 160G",
            "ItemPrice": "2,19€",
            "ItemUnit": "13,69€/kg",
            "local_image_path": "Lebensmittel/Beilagen/alnaturakartopr.jpg"
          },
          {
            "image_urls": [
              "https://www.edeka24.de/out/pictures/generated/product/1/224_224_90/4104420017986-alnatura-bio-kartoffel-lauch-cremesuppe.jpg"
            ],
            "ItemTitle": "Alnatura Bio Kartoffel-Lauch Cremesuppe 58G",
            "ItemPrice": "1,29€",
            "ItemUnit": "22,24€/kg",
            "local_image_path": "Lebensmittel/Fertiggerichte/4104420017986-alnatura-bio-kartoffel-lauch-cremesuppe.jpg"
          },
          {
            "image_urls": [
              "https://www.edeka24.de/out/pictures/generated/product/1/224_224_90/4104420034167alnaturakichererbsen.png"
            ],
            "ItemTitle": "Alnatura Bio Kichererbsen 350G",
            "ItemPrice": "1,49€",
            "ItemUnit": "6,77€/kg",
            "local_image_path": "Bio-Produkte/Lebensmittel von Alnatura/4104420034167alnaturakichererbsen.png"
          },
          {
            "image_urls": [
              "https://www.edeka24.de/out/pictures/generated/product/1/224_224_90/4104420022683-alnatura-bio-kichererbsen-getrocknet.jpg"
            ],
            "ItemTitle": "Alnatura Bio Kichererbsen 500G",
            "ItemPrice": "2,69€",
            "ItemUnit": "5,38€/kg",
            "local_image_path": "Lebensmittel/Beilagen/4104420022683-alnatura-bio-kichererbsen-getrocknet.jpg"
          },
          {
            "image_urls": [
              "https://www.edeka24.de/out/pictures/generated/product/1/224_224_90/alnatura_bio_kichererbsen_kokoseintopf.jpg"
            ],
            "ItemTitle": "Alnatura Bio Kichererbsen Kokos-Eintopf 400G",
            "ItemPrice": "2,69€",
            "ItemUnit": "6,73€/kg",
            "local_image_path": "Lebensmittel/Fertiggerichte/alnatura_bio_kichererbsen_kokoseintopf.jpg"
          },
          {
            "image_urls": [
              "https://www.edeka24.de/out/pictures/generated/product/1/224_224_90/bio_alnatura_kichererbsenmehl_400g.jpg"
            ],
            "ItemTitle": "Alnatura Bio Kichererbsenmehl 400G",
            "ItemPrice": "3,29€",
            "ItemUnit": "8,23€/kg",
            "local_image_path": "Bio-Produkte/Lebensmittel von Alnatura/bio_alnatura_kichererbsenmehl_400g.jpg"
          },
          {
            "image_urls": [
              "https://www.edeka24.de/out/pictures/generated/product/1/224_224_90/bio_alnatura_kokos_chipsgeramp246stet_100g.jpg"
            ],
            "ItemTitle": "Alnatura Bio Kokos Chips geröstet 100G",
            "ItemPrice": "1,79€",
            "ItemUnit": "17,90€/kg",
            "local_image_path": "Bio-Produkte/Lebensmittel von Alnatura/bio_alnatura_kokos_chipsgeramp246stet_100g.jpg"
          },
          {
            "image_urls": [
              "https://www.edeka24.de/out/pictures/generated/product/1/224_224_90/alnatura_bio_kokos_fruchtschnitte.jpg"
            ],
            "ItemTitle": "Alnatura Bio Kokos Riegel 75G",
            "ItemPrice": "1,79€",
            "ItemUnit": "23,87€/kg",
            "local_image_path": "Bio-Produkte/Lebensmittel von Alnatura/alnatura_bio_kokos_fruchtschnitte.jpg"
          },
          {
            "image_urls": [
              "https://www.edeka24.de/out/pictures/generated/product/1/224_224_90/bio_alnatura_kokosschokolade_mit_kokosblamp252tenzucker_100g.jpg"
            ],
            "ItemTitle": "Alnatura Bio Kokos-Schokolade mit Kokosblütenzucker 100G",
            "ItemPrice": "2,29€",
            "ItemUnit": "22,90€/kg",
            "local_image_path": "Bio-Produkte/Lebensmittel von Alnatura/bio_alnatura_kokosschokolade_mit_kokosblamp252tenzucker_100g.jpg"
          },
          {
            "image_urls": [
              "https://www.edeka24.de/out/pictures/generated/product/1/224_224_90/bio_alnatura_kokosblamp252tenzucker_250g(1).jpg"
            ],
            "ItemTitle": "Alnatura Bio Kokosblütenzucker 250G",
            "ItemPrice": "3,99€",
            "ItemUnit": "15,96€/kg",
            "local_image_path": "Bio-Produkte/Lebensmittel von Alnatura/bio_alnatura_kokosblamp252tenzucker_250g(1).jpg"
          },
          {
            "image_urls": [
              "https://www.edeka24.de/out/pictures/generated/product/1/224_224_90/bio_alnatura_kokosamp246l_nativ_220ml.jpg"
            ],
            "ItemTitle": "Alnatura Bio Kokosöl nativ 220ML",
            "ItemPrice": "3,29€",
            "ItemUnit": "14,95€/l",
            "local_image_path": "Lebensmittel/Internationales/bio_alnatura_kokosamp246l_nativ_220ml.jpg"
          },
          {
            "image_urls": [
              "https://www.edeka24.de/out/pictures/generated/product/1/224_224_90/bio_alnatura_kamp252rbiskerne_225g.jpg"
            ],
            "ItemTitle": "Alnatura Bio Kürbiskerne 225G",
            "ItemPrice": "3,59€",
            "ItemUnit": "15,96€/kg",
            "local_image_path": "Bio-Produkte/Lebensmittel von Alnatura/bio_alnatura_kamp252rbiskerne_225g.jpg"
          },
          {
            "image_urls": [
              "https://www.edeka24.de/out/pictures/generated/product/1/224_224_90/bio_alnatura_kurkuma_gemahlen_60g.jpg"
            ],
            "ItemTitle": "Alnatura Bio Kurkuma gemahlen 60G",
            "ItemPrice": "2,79€",
            "ItemUnit": "46,50€/kg",
            "local_image_path": "Lebensmittel/Würzmittel & Brühen/bio_alnatura_kurkuma_gemahlen_60g.jpg"
          },
          {
            "image_urls": [
              "https://www.edeka24.de/out/pictures/generated/product/1/224_224_90/alnatura_bio_basmati_reis_wei_1_kg.jpg"
            ],
            "ItemTitle": "Alnatura Bio Himalaya Basmati Reis 1KG",
            "ItemPrice": "4,99€",
            "ItemUnit": "4,99€/kg",
            "local_image_path": "Lebensmittel/Beilagen/alnatura_bio_basmati_reis_wei_1_kg.jpg"
          },
          {
            "image_urls": [
              "https://www.edeka24.de/out/pictures/generated/product/1/224_224_90/alnatura_bio_basmati_reis_wei_500g.jpg"
            ],
            "ItemTitle": "Alnatura Bio Himalaya Basmati Reis weiß 500G",
            "ItemPrice": "3,29€",
            "ItemUnit": "6,58€/kg",
            "local_image_path": "Lebensmittel/Beilagen/alnatura_bio_basmati_reis_wei_500g.jpg"
          },
          {
            "image_urls": [
              "https://www.edeka24.de/out/pictures/generated/product/1/224_224_90/alnatura_bio_basmati_reis_vollkorn_500_g.jpg"
            ],
            "ItemTitle": "Alnatura Bio Himalaya Basmati Vollkorn Reis 500G",
            "ItemPrice": "3,29€",
            "ItemUnit": "6,58€/kg",
            "local_image_path": "Lebensmittel/Beilagen/alnatura_bio_basmati_reis_vollkorn_500_g.jpg"
          },
          {
            "image_urls": [
              "https://www.edeka24.de/out/pictures/generated/product/1/224_224_90/bio_alnatura_hirsebamp228llchen_erdnuss_75g.jpg"
            ],
            "ItemTitle": "Alnatura Bio Hirse Bällchen Erdnuss 75G",
            "ItemPrice": "1,49€",
            "ItemUnit": "19,87€/kg",
            "local_image_path": "Bio-Produkte/Lebensmittel von Alnatura/bio_alnatura_hirsebamp228llchen_erdnuss_75g.jpg"
          },
          {
            "image_urls": [
              "https://www.edeka24.de/out/pictures/generated/product/1/224_224_90/alnaturahirseflocken(1).jpg"
            ],
            "ItemTitle": "Alnatura Bio Hirseflocken 500G",
            "ItemPrice": "2,99€",
            "ItemUnit": "5,98€/kg",
            "local_image_path": "Bio-Produkte/Frühstücksartikel von Alnatura/alnaturahirseflocken(1).jpg"
          },
          {
            "image_urls": [
              "https://www.edeka24.de/out/pictures/generated/product/1/224_224_90/alnaturahonigreiswaffeln.jpg"
            ],
            "ItemTitle": "Alnatura Bio Honig Reis Waffeln 3ST 96G",
            "ItemPrice": "1,89€",
            "ItemUnit": "19,69€/kg",
            "local_image_path": "Lebensmittel/Frühstück & Snacks/alnaturahonigreiswaffeln.jpg"
          },
          {
            "image_urls": [
              "https://www.edeka24.de/out/pictures/generated/product/1/224_224_90/alnatura_bio_honig_waffeln.jpg"
            ],
            "ItemTitle": "Alnatura Bio Honig Waffeln 175G",
            "ItemPrice": "2,79€",
            "ItemUnit": "15,94€/kg",
            "local_image_path": "Bio-Produkte/Lebensmittel von Alnatura/alnatura_bio_honig_waffeln.jpg"
          },
          {
            "image_urls": [
              "https://www.edeka24.de/out/pictures/generated/product/1/224_224_90/alnaturahhnerbouilllon.jpg"
            ],
            "ItemTitle": "Alnatura Bio Hühner Bouillon 140G",
            "ItemPrice": "3,19€",
            "ItemUnit": "22,79€/kg",
            "local_image_path": "Bio-Produkte/Lebensmittel von Alnatura/alnaturahhnerbouilllon.jpg"
          },
          {
            "image_urls": [
              "https://www.edeka24.de/out/pictures/generated/product/1/224_224_90/alnatura_bio_hhnernudel_eintopf.jpg"
            ],
            "ItemTitle": "Alnatura Bio Hühner-Nudel Eintopf 400G",
            "ItemPrice": "2,69€",
            "ItemUnit": "6,73€/kg",
            "local_image_path": "Lebensmittel/Fertiggerichte/alnatura_bio_hhnernudel_eintopf.jpg"
          },
          {
            "image_urls": [
              "https://www.edeka24.de/out/pictures/generated/product/1/224_224_90/alnatutrahnernudelsuppe.jpg"
            ],
            "ItemTitle": "Alnatura Bio Hühner-Nudel-Suppe 38G",
            "ItemPrice": "1,29€",
            "ItemUnit": "33,95€/kg",
            "local_image_path": "Bio-Produkte/Lebensmittel von Alnatura/alnatutrahnernudelsuppe.jpg"
          },
          {
            "image_urls": [
              "https://www.edeka24.de/out/pictures/generated/product/1/224_224_90/bio_alnatura_ingwer_gemahlen_45g.jpg"
            ],
            "ItemTitle": "Alnatura Bio Ingwer gemahlen 45G",
            "ItemPrice": "2,99€",
            "ItemUnit": "66,44€/kg",
            "local_image_path": "Bio-Produkte/Lebensmittel von Alnatura/bio_alnatura_ingwer_gemahlen_45g.jpg"
          },
          {
            "image_urls": [
              "https://www.edeka24.de/out/pictures/generated/product/1/224_224_90/alnatura_bio_italienisches_olivenl_nativ_extra.jpg"
            ],
            "ItemTitle": "Alnatura Bio Italienisches Olivenöl Nativ Extra 500ML",
            "ItemPrice": "9,49€",
            "ItemUnit": "18,98€/l",
            "local_image_path": "Bio-Produkte/Lebensmittel von Alnatura/alnatura_bio_italienisches_olivenl_nativ_extra.jpg"
          },
          {
            "image_urls": [
              "https://www.edeka24.de/out/pictures/generated/product/1/224_224_90/bio_alnatura_kakao_doppelkeks_kokos_330g.jpg"
            ],
            "ItemTitle": "Alnatura Bio Kakao Doppelkeks Kokos 330G",
            "ItemPrice": "2,99€",
            "ItemUnit": "9,06€/kg",
            "local_image_path": "Bio-Produkte/Lebensmittel von Alnatura/bio_alnatura_kakao_doppelkeks_kokos_330g.jpg"
          },
          {
            "image_urls": [
              "https://www.edeka24.de/out/pictures/generated/product/1/224_224_90/4104420022782-bio-alnatura-kako-schwach-entlt.jpg"
            ],
            "ItemTitle": "Alnatura Bio Kakao schwach entölt 125G",
            "ItemPrice": "2,29€",
            "ItemUnit": "18,32€/kg",
            "local_image_path": "Bio-Produkte/Lebensmittel von Alnatura/4104420022782-bio-alnatura-kako-schwach-entlt.jpg"
          },
          {
            "image_urls": [
              "https://www.edeka24.de/out/pictures/generated/product/1/224_224_90/bio_alnatura_kakaobutter_100g.jpg"
            ],
            "ItemTitle": "Alnatura Bio Kakaobutter 100G",
            "ItemPrice": "3,29€",
            "ItemUnit": "32,90€/kg",
            "local_image_path": "Bio-Produkte/Lebensmittel von Alnatura/bio_alnatura_kakaobutter_100g.jpg"
          },
          {
            "image_urls": [
              "https://www.edeka24.de/out/pictures/generated/product/1/224_224_90/bio_alnatura_kapern_150g.jpg"
            ],
            "ItemTitle": "Alnatura Bio Kapern in Essiglake 150G",
            "ItemPrice": "3,49€",
            "ItemUnit": "38,78€/kg",
            "local_image_path": "Bio-Produkte/Lebensmittel von Alnatura/bio_alnatura_kapern_150g.jpg"
          },
          {
            "image_urls": [
              "https://www.edeka24.de/out/pictures/generated/product/1/224_224_90/bio_alnakarotkokos_sup375ml.jpg"
            ],
            "ItemTitle": "Alnatura Bio Karotten Kokos Suppe 375ML",
            "ItemPrice": "2,79€",
            "ItemUnit": "7,44€/l",
            "local_image_path": "Bio-Produkte/Lebensmittel von Alnatura/bio_alnakarotkokos_sup375ml.jpg"
          },
          {
            "image_urls": [
              "https://www.edeka24.de/out/pictures/generated/product/1/224_224_90/alnaturakartopr.jpg"
            ],
            "ItemTitle": "Alnatura Bio Kartoffel Püree locker & cremig 160G",
            "ItemPrice": "2,19€",
            "ItemUnit": "13,69€/kg",
            "local_image_path": "Lebensmittel/Beilagen/alnaturakartopr.jpg"
          },
          {
            "image_urls": [
              "https://www.edeka24.de/out/pictures/generated/product/1/224_224_90/4104420017986-alnatura-bio-kartoffel-lauch-cremesuppe.jpg"
            ],
            "ItemTitle": "Alnatura Bio Kartoffel-Lauch Cremesuppe 58G",
            "ItemPrice": "1,29€",
            "ItemUnit": "22,24€/kg",
            "local_image_path": "Lebensmittel/Fertiggerichte/4104420017986-alnatura-bio-kartoffel-lauch-cremesuppe.jpg"
          },
          {
            "image_urls": [
              "https://www.edeka24.de/out/pictures/generated/product/1/224_224_90/4104420034167alnaturakichererbsen.png"
            ],
            "ItemTitle": "Alnatura Bio Kichererbsen 350G",
            "ItemPrice": "1,49€",
            "ItemUnit": "6,77€/kg",
            "local_image_path": "Bio-Produkte/Lebensmittel von Alnatura/4104420034167alnaturakichererbsen.png"
          },
          {
            "image_urls": [
              "https://www.edeka24.de/out/pictures/generated/product/1/224_224_90/4104420022683-alnatura-bio-kichererbsen-getrocknet.jpg"
            ],
            "ItemTitle": "Alnatura Bio Kichererbsen 500G",
            "ItemPrice": "2,69€",
            "ItemUnit": "5,38€/kg",
            "local_image_path": "Lebensmittel/Beilagen/4104420022683-alnatura-bio-kichererbsen-getrocknet.jpg"
          },
          {
            "image_urls": [
              "https://www.edeka24.de/out/pictures/generated/product/1/224_224_90/alnatura_bio_kichererbsen_kokoseintopf.jpg"
            ],
            "ItemTitle": "Alnatura Bio Kichererbsen Kokos-Eintopf 400G",
            "ItemPrice": "2,69€",
            "ItemUnit": "6,73€/kg",
            "local_image_path": "Lebensmittel/Fertiggerichte/alnatura_bio_kichererbsen_kokoseintopf.jpg"
          },
          {
            "image_urls": [
              "https://www.edeka24.de/out/pictures/generated/product/1/224_224_90/bio_alnatura_kichererbsenmehl_400g.jpg"
            ],
            "ItemTitle": "Alnatura Bio Kichererbsenmehl 400G",
            "ItemPrice": "3,29€",
            "ItemUnit": "8,23€/kg",
            "local_image_path": "Bio-Produkte/Lebensmittel von Alnatura/bio_alnatura_kichererbsenmehl_400g.jpg"
          },
          {
            "image_urls": [
              "https://www.edeka24.de/out/pictures/generated/product/1/224_224_90/bio_alnatura_kokos_chipsgeramp246stet_100g.jpg"
            ],
            "ItemTitle": "Alnatura Bio Kokos Chips geröstet 100G",
            "ItemPrice": "1,79€",
            "ItemUnit": "17,90€/kg",
            "local_image_path": "Bio-Produkte/Lebensmittel von Alnatura/bio_alnatura_kokos_chipsgeramp246stet_100g.jpg"
          },
          {
            "image_urls": [
              "https://www.edeka24.de/out/pictures/generated/product/1/224_224_90/alnatura_bio_kokos_fruchtschnitte.jpg"
            ],
            "ItemTitle": "Alnatura Bio Kokos Riegel 75G",
            "ItemPrice": "1,79€",
            "ItemUnit": "23,87€/kg",
            "local_image_path": "Bio-Produkte/Lebensmittel von Alnatura/alnatura_bio_kokos_fruchtschnitte.jpg"
          },
          {
            "image_urls": [
              "https://www.edeka24.de/out/pictures/generated/product/1/224_224_90/bio_alnatura_kokosschokolade_mit_kokosblamp252tenzucker_100g.jpg"
            ],
            "ItemTitle": "Alnatura Bio Kokos-Schokolade mit Kokosblütenzucker 100G",
            "ItemPrice": "2,29€",
            "ItemUnit": "22,90€/kg",
            "local_image_path": "Bio-Produkte/Lebensmittel von Alnatura/bio_alnatura_kokosschokolade_mit_kokosblamp252tenzucker_100g.jpg"
          },
          {
            "image_urls": [
              "https://www.edeka24.de/out/pictures/generated/product/1/224_224_90/bio_alnatura_kokosblamp252tenzucker_250g(1).jpg"
            ],
            "ItemTitle": "Alnatura Bio Kokosblütenzucker 250G",
            "ItemPrice": "3,99€",
            "ItemUnit": "15,96€/kg",
            "local_image_path": "Bio-Produkte/Lebensmittel von Alnatura/bio_alnatura_kokosblamp252tenzucker_250g(1).jpg"
          },
          {
            "image_urls": [
              "https://www.edeka24.de/out/pictures/generated/product/1/224_224_90/bio_alnatura_kokosamp246l_nativ_220ml.jpg"
            ],
            "ItemTitle": "Alnatura Bio Kokosöl nativ 220ML",
            "ItemPrice": "3,29€",
            "ItemUnit": "14,95€/l",
            "local_image_path": "Lebensmittel/Internationales/bio_alnatura_kokosamp246l_nativ_220ml.jpg"
          },
          {
            "image_urls": [
              "https://www.edeka24.de/out/pictures/generated/product/1/224_224_90/bio_alnatura_kamp252rbiskerne_225g.jpg"
            ],
            "ItemTitle": "Alnatura Bio Kürbiskerne 225G",
            "ItemPrice": "3,59€",
            "ItemUnit": "15,96€/kg",
            "local_image_path": "Bio-Produkte/Lebensmittel von Alnatura/bio_alnatura_kamp252rbiskerne_225g.jpg"
          },
          {
            "image_urls": [
              "https://www.edeka24.de/out/pictures/generated/product/1/224_224_90/bio_alnatura_kurkuma_gemahlen_60g.jpg"
            ],
            "ItemTitle": "Alnatura Bio Kurkuma gemahlen 60G",
            "ItemPrice": "2,79€",
            "ItemUnit": "46,50€/kg",
            "local_image_path": "Lebensmittel/Würzmittel & Brühen/bio_alnatura_kurkuma_gemahlen_60g.jpg"
          },
          {
            "image_urls": [
              "https://www.edeka24.de/out/pictures/generated/product/1/224_224_90/alnatura_bio_pesto_verde.jpg"
            ],
            "ItemTitle": "Alnatura Bio Pesto Verde 120G",
            "ItemPrice": "3,29€",
            "ItemUnit": "27,42€/kg",
            "local_image_path": "Bio-Produkte/Lebensmittel von Alnatura/alnatura_bio_pesto_verde.jpg"
          },
          {
            "image_urls": [
              "https://www.edeka24.de/out/pictures/generated/product/1/224_224_90/bio_alnatura_pistazien_geramp246stet_gesalzen_125g.jpg"
            ],
            "ItemTitle": "Alnatura Bio Pistazien geröstet & gesalzen 125G",
            "ItemPrice": "4,49€",
            "ItemUnit": "35,92€/kg",
            "local_image_path": "Bio-Produkte/Lebensmittel von Alnatura/bio_alnatura_pistazien_geramp246stet_gesalzen_125g.jpg"
          },
          {
            "image_urls": [
              "https://www.edeka24.de/out/pictures/generated/product/1/224_224_90/alnatura_bio_polenta_500_g.jpg"
            ],
            "ItemTitle": "Alnatura Bio Polenta 500G",
            "ItemPrice": "1,99€",
            "ItemUnit": "3,98€/kg",
            "local_image_path": "Lebensmittel/Beilagen/alnatura_bio_polenta_500_g.jpg"
          },
          {
            "image_urls": [
              "https://www.edeka24.de/out/pictures/generated/product/1/224_224_90/alnatura_bio_pralinen_variationen_100_g.jpg"
            ],
            "ItemTitle": "Alnatura Bio Pralinen Variationen 100G",
            "ItemSalePrice": "3,00€",
            "ItemUnit": "30,00€/kg",
            "local_image_path": "Bio-Produkte/Lebensmittel von Alnatura/alnatura_bio_pralinen_variationen_100_g.jpg"
          },
          {
            "image_urls": [
              "https://www.edeka24.de/out/pictures/generated/product/1/224_224_90/alnaturavanpuddpulv.jpg"
            ],
            "ItemTitle": "Alnatura Bio Pudding Bourbon-Vanille 3ST 120G",
            "ItemPrice": "3,29€",
            "ItemUnit": "27,42€/kg",
            "local_image_path": "Bio-Produkte/Lebensmittel von Alnatura/alnaturavanpuddpulv.jpg"
          },
          {
            "image_urls": [
              "https://www.edeka24.de/out/pictures/generated/product/1/224_224_90/alnaturaschoko-pudding.jpg"
            ],
            "ItemTitle": "Alnatura Bio Pudding Schoko 3ST 138G",
            "ItemPrice": "2,29€",
            "ItemUnit": "16,59€/kg",
            "local_image_path": "Bio-Produkte/Lebensmittel von Alnatura/alnaturaschoko-pudding.jpg"
          },
          {
            "image_urls": [
              "https://www.edeka24.de/out/pictures/generated/product/1/224_224_90/alnatura_bio_puderzucker.jpg"
            ],
            "ItemTitle": "Alnatura Bio Puderzucker 200G",
            "ItemPrice": "1,89€",
            "ItemUnit": "9,45€/kg",
            "local_image_path": "Bio-Produkte/Lebensmittel von Alnatura/alnatura_bio_puderzucker.jpg"
          },
          {
            "image_urls": [
              "https://www.edeka24.de/out/pictures/generated/product/1/224_224_90/bio_alnatura_quinoa_500g.jpg"
            ],
            "ItemTitle": "Alnatura Bio Quinoa 500G",
            "ItemPrice": "4,49€",
            "ItemUnit": "8,98€/kg",
            "local_image_path": "Bio-Produkte/Lebensmittel von Alnatura/bio_alnatura_quinoa_500g.jpg"
          },
          {
            "image_urls": [
              "https://www.edeka24.de/out/pictures/generated/product/1/224_224_90/alnatura_bio_quittebirne_fruchtmark_mit_banane_360_g.jpg"
            ],
            "ItemTitle": "Alnatura Bio Quitte-Birne Fruchtmark mit Banane 360G",
            "ItemPrice": "2,09€",
            "ItemUnit": "5,81€/kg",
            "local_image_path": "Bio-Produkte/Lebensmittel von Alnatura/alnatura_bio_quittebirne_fruchtmark_mit_banane_360_g.jpg"
          },
          {
            "image_urls": [
              "https://www.edeka24.de/out/pictures/generated/product/1/224_224_90/bio_alnatura_rapsl_nativ_05l.jpg"
            ],
            "ItemTitle": "Alnatura Bio Rapsöl nativ 500ML",
            "ItemPrice": "3,19€",
            "ItemUnit": "6,38€/l",
            "local_image_path": "Bio-Produkte/Lebensmittel von Alnatura/bio_alnatura_rapsl_nativ_05l.jpg"
          },
          {
            "image_urls": [
              "https://www.edeka24.de/out/pictures/generated/product/1/224_224_90/alnatura_bio_reiswaffeln_joghurt_erdbeer_100g.jpg"
            ],
            "ItemTitle": "Alnatura Bio Reiswaffeln Joghurt Erdbeer 100G",
            "ItemPrice": "1,79€",
            "ItemUnit": "17,90€/kg",
            "local_image_path": "Bio-Produkte/Lebensmittel von Alnatura/alnatura_bio_reiswaffeln_joghurt_erdbeer_100g.jpg"
          },
          {
            "image_urls": [
              "https://www.edeka24.de/out/pictures/generated/product/1/224_224_90/bio_alnatura_reiswaffelnmit_salz_100g.jpg"
            ],
            "ItemTitle": "Alnatura Bio Reiswaffeln Meersalz 100G",
            "ItemPrice": "1,05€",
            "ItemUnit": "10,50€/kg",
            "local_image_path": "Bio-Produkte/Lebensmittel von Alnatura/bio_alnatura_reiswaffelnmit_salz_100g.jpg"
          },
          {
            "image_urls": [
              "https://www.edeka24.de/out/pictures/generated/product/1/224_224_90/bio_alnatura_reiswaffelnnatur_100g.jpg"
            ],
            "ItemTitle": "Alnatura Bio Reiswaffeln Vollkorn natur 100G",
            "ItemPrice": "1,05€",
            "ItemUnit": "10,50€/kg",
            "local_image_path": "Bio-Produkte/Lebensmittel von Alnatura/bio_alnatura_reiswaffelnnatur_100g.jpg"
          },
          {
            "image_urls": [
              "https://www.edeka24.de/out/pictures/generated/product/1/224_224_90/alnatura_bio_roggen.jpg"
            ],
            "ItemTitle": "Alnatura Bio Roggen 1KG",
            "ItemPrice": "1,79€",
            "ItemUnit": "1,79€/kg",
            "local_image_path": "Bio-Produkte/Lebensmittel von Alnatura/alnatura_bio_roggen.jpg"
          },
          {
            "image_urls": [
              "https://www.edeka24.de/out/pictures/generated/product/1/224_224_90/alnatura_bio_roggenvollkornmehl.jpg"
            ],
            "ItemTitle": "Alnatura Bio Roggenvollkornmehl 1KG",
            "ItemPrice": "1,89€",
            "ItemUnit": "1,89€/kg",
            "local_image_path": "Lebensmittel/Backen & Desserts/alnatura_bio_roggenvollkornmehl.jpg"
          },
          {
            "image_urls": [
              "https://www.edeka24.de/out/pictures/generated/product/1/224_224_90/alnatura_bio_rohrohr_zucker_1_kg.jpg"
            ],
            "ItemTitle": "Alnatura Bio Rohrohr Zucker 1KG",
            "ItemPrice": "2,99€",
            "ItemUnit": "2,99€/kg",
            "local_image_path": "Lebensmittel/Backen & Desserts/alnatura_bio_rohrohr_zucker_1_kg.jpg"
          },
          {
            "image_urls": [
              "https://www.edeka24.de/out/pictures/generated/product/1/224_224_90/alnatura_bio_rollgerste.jpg"
            ],
            "ItemTitle": "Alnatura Bio Rollgerste 500G",
            "ItemPrice": "2,69€",
            "ItemUnit": "5,38€/kg",
            "local_image_path": "Bio-Produkte/Lebensmittel von Alnatura/alnatura_bio_rollgerste.jpg"
          },
          {
            "image_urls": [
              "https://www.edeka24.de/out/pictures/generated/product/1/224_224_90/bio_alnatura_rosinen_500g.jpg"
            ],
            "ItemTitle": "Alnatura Bio Rosinen 500G",
            "ItemPrice": "3,49€",
            "ItemUnit": "6,98€/kg",
            "local_image_path": "Bio-Produkte/Lebensmittel von Alnatura/bio_alnatura_rosinen_500g.jpg"
          },
          {
            "image_urls": [
              "https://www.edeka24.de/out/pictures/generated/product/1/224_224_90/bio_alnatura_rosmarin_35g.jpg"
            ],
            "ItemTitle": "Alnatura Bio Rosmarin gerebelt 35G",
            "ItemPrice": "2,49€",
            "ItemUnit": "71,14€/kg",
            "local_image_path": "Bio-Produkte/Lebensmittel von Alnatura/bio_alnatura_rosmarin_35g.jpg"
          },
          {
            "image_urls": [
              "https://www.edeka24.de/out/pictures/generated/product/1/224_224_90/bio_alnatura_rote_bete_330g.jpg"
            ],
            "ItemTitle": "Alnatura Bio Rote Bete 330G",
            "ItemPrice": "1,39€",
            "ItemUnit": "6,32€/kg",
            "local_image_path": "Lebensmittel/Konserven/bio_alnatura_rote_bete_330g.jpg"
          },
          {
            "image_urls": [
              "https://www.edeka24.de/out/pictures/generated/product/1/224_224_90/alnatura_bio_rote_linsen.jpg"
            ],
            "ItemTitle": "Alnatura Bio Rote Linsen 500G",
            "ItemPrice": "2,69€",
            "ItemUnit": "5,38€/kg",
            "local_image_path": "Lebensmittel/Beilagen/alnatura_bio_rote_linsen.jpg"
          },
          {
            "image_urls": [
              "https://www.edeka24.de/out/pictures/generated/product/1/224_224_90/bio_alnatura_rote_linsen_burger_200g.jpg"
            ],
            "ItemTitle": "Alnatura Bio Rote Linsen Burger 200G",
            "ItemPrice": "2,89€",
            "ItemUnit": "14,45€/kg",
            "local_image_path": "Lebensmittel/Beilagen/bio_alnatura_rote_linsen_burger_200g.jpg"
          },
          {
            "image_urls": [
              "https://www.edeka24.de/out/pictures/generated/product/1/224_224_90/alnatura_bio_rote_linsen_suppe.jpg"
            ],
            "ItemTitle": "Alnatura Bio Rote Linsen Suppe 375ML",
            "ItemPrice": "2,79€",
            "ItemUnit": "7,44€/l",
            "local_image_path": "Lebensmittel/Fertiggerichte/alnatura_bio_rote_linsen_suppe.jpg"
          },
          {
            "image_urls": [
              "https://www.edeka24.de/out/pictures/generated/product/1/224_224_90/alnatura_bio_rote_thai_currypaste_135g.jpg"
            ],
            "ItemTitle": "Alnatura Bio Rote Thai Curry-Paste 135G",
            "ItemPrice": "2,99€",
            "ItemUnit": "22,15€/kg",
            "local_image_path": "Lebensmittel/Internationales/alnatura_bio_rote_thai_currypaste_135g.jpg"
          },
          {
            "image_urls": [
              "https://www.edeka24.de/out/pictures/generated/product/1/224_224_90/alnatura_bio_rotkohl_servierfertig.jpg"
            ],
            "ItemTitle": "Alnatura Bio Rotkohl 680G",
            "ItemPrice": "1,59€",
            "ItemUnit": "2,45€/kg",
            "local_image_path": "Lebensmittel/Konserven/alnatura_bio_rotkohl_servierfertig.jpg"
          },
          {
            "image_urls": [
              "https://www.edeka24.de/out/pictures/generated/product/1/224_224_90/bio_alnatura_salatkerne_mix_100g.jpg"
            ],
            "ItemTitle": "Alnatura Bio Salatkerne Mix 100G",
            "ItemPrice": "2,09€",
            "ItemUnit": "20,90€/kg",
            "local_image_path": "Bio-Produkte/Lebensmittel von Alnatura/bio_alnatura_salatkerne_mix_100g.jpg"
          },
          {
            "image_urls": [
              "https://www.edeka24.de/out/pictures/generated/product/1/224_224_90/bio_alnatura_sauerteig_extrakt_15g.jpg"
            ],
            "ItemTitle": "Alnatura Bio Sauerteig Extrakt 15G",
            "ItemPrice": "0,79€",
            "ItemUnit": "52,67€/kg",
            "local_image_path": "Lebensmittel/Backen & Desserts/bio_alnatura_sauerteig_extrakt_15g.jpg"
          },
          {
            "image_urls": [
              "https://www.edeka24.de/out/pictures/generated/product/1/224_224_90/bio_alnatura_gersteampampkichererbsenampamplinsen_250g.jpg"
            ],
            "ItemTitle": "Alnatura Bio Schnelle Mischung Gerste, Kichererbsen & Linsen 250G",
            "ItemPrice": "2,49€",
            "ItemUnit": "9,96€/kg",
            "local_image_path": "Bio-Produkte/Lebensmittel von Alnatura/bio_alnatura_gersteampampkichererbsenampamplinsen_250g.jpg"
          },
          {
            "image_urls": [
              "https://www.edeka24.de/out/pictures/generated/product/1/224_224_90/bio_alnatura_roter_quinoaampampbulgurampamplangkornreis_250g.jpg"
            ],
            "ItemTitle": "Alnatura Bio Schnelle Mischung Roter Quinoa,Bulgur, Langkornreis 250G",
            "ItemPrice": "2,49€",
            "ItemUnit": "9,96€/kg",
            "local_image_path": "Bio-Produkte/Lebensmittel von Alnatura/bio_alnatura_roter_quinoaampampbulgurampamplangkornreis_250g.jpg"
          },
          {
            "image_urls": [
              "https://www.edeka24.de/out/pictures/generated/product/1/224_224_90/4104420053960alnaturabioschokobutterkeksmirvollmilchschokolade.png"
            ],
            "ItemTitle": "Alnatura Bio Schoko Butterkeks mit Vollmilchschokolade 130G",
            "ItemPrice": "2,59€",
            "ItemUnit": "19,92€/kg",
            "local_image_path": "Bio-Produkte/Lebensmittel von Alnatura/4104420053960alnaturabioschokobutterkeksmirvollmilchschokolade.png"
          },
          {
            "image_urls": [
              "https://www.edeka24.de/out/pictures/generated/product/1/224_224_90/alnatura_bio_schoko_dinkel_kugeln_125_g.jpg"
            ],
            "ItemTitle": "Alnatura Bio Schoko Dinkel Kugeln 125G",
            "ItemPrice": "2,29€",
            "ItemUnit": "18,32€/kg",
            "local_image_path": "Bio-Produkte/Lebensmittel von Alnatura/alnatura_bio_schoko_dinkel_kugeln_125_g.jpg"
          },
          {
            "image_urls": [
              "https://www.edeka24.de/out/pictures/generated/product/1/224_224_90/alnatura_bio_schoko_orangen_kekse_150_g.jpg"
            ],
            "ItemTitle": "Alnatura Bio Schoko Orangen Kekse 150G",
            "ItemPrice": "2,29€",
            "ItemUnit": "15,27€/kg",
            "local_image_path": "Bio-Produkte/Lebensmittel von Alnatura/alnatura_bio_schoko_orangen_kekse_150_g.jpg"
          },
          {
            "image_urls": [
              "https://www.edeka24.de/out/pictures/generated/product/1/224_224_90/alnaturaschokoreiswaffelnvm.jpg"
            ],
            "ItemTitle": "Alnatura Bio Schoko Reis Waffeln Vollmilch 100G",
            "ItemPrice": "1,29€",
            "ItemUnit": "12,90€/kg",
            "local_image_path": "Bio-Produkte/Lebensmittel von Alnatura/alnaturaschokoreiswaffelnvm.jpg"
          },
          {
            "image_urls": [
              "https://www.edeka24.de/out/pictures/generated/product/1/224_224_90/alnaturaschokoreiswaffelnvmcocos.jpg"
            ],
            "ItemTitle": "Alnatura Bio Schoko Reis Waffeln Vollmilch Cocos 100G",
            "ItemPrice": "1,69€",
            "ItemUnit": "16,90€/kg",
            "local_image_path": "Bio-Produkte/Frühstücksartikel von Alnatura/alnaturaschokoreiswaffelnvmcocos.jpg"
          },
          {
            "image_urls": [
              "https://www.edeka24.de/out/pictures/generated/product/1/224_224_90/alnatura_bio_schoko_reis_waffeln_zartbitter_orange_100g.jpg"
            ],
            "ItemTitle": "Alnatura Bio Schoko Reis Waffeln Zartbitter Orange 100G",
            "ItemPrice": "1,59€",
            "ItemUnit": "15,90€/kg",
            "local_image_path": "Lebensmittel/Süß & Salzig/alnatura_bio_schoko_reis_waffeln_zartbitter_orange_100g.jpg"
          },
          {
            "image_urls": [
              "https://www.edeka24.de/out/pictures/generated/product/1/224_224_90/alnatura_bio_schwbische_sptzle_gga_400g.jpg"
            ],
            "ItemTitle": "Alnatura Bio Schwäbische Spätzle g.g.A. 400G",
            "ItemPrice": "2,99€",
            "ItemUnit": "7,48€/kg",
            "local_image_path": "Bio-Produkte/Lebensmittel von Alnatura/alnatura_bio_schwbische_sptzle_gga_400g.jpg"
          },
          {
            "image_urls": [
              "https://www.edeka24.de/out/pictures/generated/product/1/224_224_90/alnatura_bio_senf_mittelscharf_200_g.jpg"
            ],
            "ItemTitle": "Alnatura Bio Senf mittelscharf 200G",
            "ItemPrice": "1,79€",
            "ItemUnit": "8,95€/kg",
            "local_image_path": "Bio-Produkte/Lebensmittel von Alnatura/alnatura_bio_senf_mittelscharf_200_g.jpg"
          },
          {
            "image_urls": [
              "https://www.edeka24.de/out/pictures/generated/product/1/224_224_90/alnatura_bio_sesam_ungeschlt.jpg"
            ],
            "ItemTitle": "Alnatura Bio Sesam ungeschält 500G",
            "ItemPrice": "3,29€",
            "ItemUnit": "6,58€/kg",
            "local_image_path": "Bio-Produkte/Lebensmittel von Alnatura/alnatura_bio_sesam_ungeschlt.jpg"
          },
          {
            "image_urls": [
              "https://www.edeka24.de/out/pictures/generated/product/1/224_224_90/bio_alnatura_sesamkrokantriegel_4st_108g.jpg"
            ],
            "ItemTitle": "Alnatura Bio Sesam-Krokant-Riegel 4ST 108G",
            "ItemPrice": "2,39€",
            "ItemUnit": "22,13€/kg",
            "local_image_path": "Bio-Produkte/Lebensmittel von Alnatura/bio_alnatura_sesamkrokantriegel_4st_108g.jpg"
          },
          {
            "image_urls": [
              "https://www.edeka24.de/out/pictures/generated/product/1/224_224_90/bio_alnatura_sesamamp246l_nativ_250ml.jpg"
            ],
            "ItemTitle": "Alnatura Bio Sesamöl nativ 250ML",
            "ItemPrice": "4,49€",
            "ItemUnit": "17,96€/l",
            "local_image_path": "Bio-Produkte/Lebensmittel von Alnatura/bio_alnatura_sesamamp246l_nativ_250ml.jpg"
          },
          {
            "image_urls": [
              "https://www.edeka24.de/out/pictures/generated/product/1/224_224_90/bio_alnasojamehl_300g.jpg"
            ],
            "ItemTitle": "Alnatura Bio Soja Mehl 300G",
            "ItemPrice": "2,69€",
            "ItemUnit": "8,97€/kg",
            "local_image_path": "Bio-Produkte/Lebensmittel von Alnatura/bio_alnasojamehl_300g.jpg"
          },
          {
            "image_urls": [
              "https://www.edeka24.de/out/pictures/generated/product/1/224_224_90/alnatura_bio_sojasauce_shoyu.jpg"
            ],
            "ItemTitle": "Alnatura Bio Soja-Sauce Shoyu 250ML",
            "ItemPrice": "3,29€",
            "ItemUnit": "13,16€/l",
            "local_image_path": "Bio-Produkte/Lebensmittel von Alnatura/alnatura_bio_sojasauce_shoyu.jpg"
          },
          {
            "image_urls": [
              "https://www.edeka24.de/out/pictures/generated/product/1/224_224_90/4104420022089alnaturabiosojaflocken.png"
            ],
            "ItemTitle": "Alnatura Bio Sojaflocken 500G",
            "ItemPrice": "2,99€",
            "ItemUnit": "5,98€/kg",
            "local_image_path": "Bio-Produkte/Frühstücksartikel von Alnatura/4104420022089alnaturabiosojaflocken.png"
          },
          {
            "image_urls": [
              "https://www.edeka24.de/out/pictures/generated/product/1/224_224_90/alnaturasobluker.jpg"
            ],
            "ItemTitle": "Alnatura Bio Sonnenblumenkerne 500G",
            "ItemPrice": "2,69€",
            "ItemUnit": "5,38€/kg",
            "local_image_path": "Bio-Produkte/Lebensmittel von Alnatura/alnaturasobluker.jpg"
          },
          {
            "image_urls": [
              "https://www.edeka24.de/out/pictures/generated/product/1/224_224_90/alnaturaspaghetti.jpg"
            ],
            "ItemTitle": "Alnatura Bio Spaghetti aus der Bronzeform 500G",
            "ItemPrice": "1,59€",
            "ItemUnit": "3,18€/kg",
            "local_image_path": "Bio-Produkte/Lebensmittel von Alnatura/alnaturaspaghetti.jpg"
          },
          {
            "image_urls": [
              "https://www.edeka24.de/out/pictures/generated/product/1/224_224_90/bio_alnasteirkuerboel100ml.jpg"
            ],
            "ItemTitle": "Alnatura Bio Steirisches Kürbiskernöl g.g.A. 100ML",
            "ItemPrice": "5,49€",
            "ItemUnit": "54,90€/l",
            "local_image_path": "Bio-Produkte/Lebensmittel von Alnatura/bio_alnasteirkuerboel100ml.jpg"
          },
          {
            "image_urls": [
              "https://www.edeka24.de/out/pictures/generated/product/1/224_224_90/bio_alnatura_samp252amp223er_senf_190g.jpg"
            ],
            "ItemTitle": "Alnatura Bio Süßer Senf 190G",
            "ItemPrice": "1,89€",
            "ItemUnit": "9,95€/kg",
            "local_image_path": "Bio-Produkte/Lebensmittel von Alnatura/bio_alnatura_samp252amp223er_senf_190g.jpg"
          },
          {
            "image_urls": [
              "https://www.edeka24.de/out/pictures/generated/product/1/224_224_90/bio_alnatura_thai_kokos_curry_325ml.jpg"
            ],
            "ItemTitle": "Alnatura Bio Thai Kokos Curry 325ML",
            "ItemPrice": "2,49€",
            "ItemUnit": "7,66€/l",
            "local_image_path": "Lebensmittel/Soßen/bio_alnatura_thai_kokos_curry_325ml.jpg"
          },
          {
            "image_urls": [
              "https://www.edeka24.de/out/pictures/generated/product/1/224_224_90/alnatura_bio_alntofu_natur_200g.jpg"
            ],
            "ItemTitle": "Alnatura Bio Tofu Natur 200G",
            "ItemPrice": "1,79€",
            "ItemUnit": "8,95€/kg",
            "local_image_path": "Bio-Produkte/Lebensmittel von Alnatura/alnatura_bio_alntofu_natur_200g.jpg"
          },
          {
            "image_urls": [
              "https://www.edeka24.de/out/pictures/generated/product/1/224_224_90/4104420016644-alnatura-bio-tomaten-cremesuppe.jpg"
            ],
            "ItemTitle": "Alnatura Bio Tomaten Cremesuppe 46G",
            "ItemPrice": "1,29€",
            "ItemUnit": "28,04€/kg",
            "local_image_path": "Lebensmittel/Fertiggerichte/4104420016644-alnatura-bio-tomaten-cremesuppe.jpg"
          },
          {
            "image_urls": [
              "https://www.edeka24.de/out/pictures/generated/product/1/224_224_90/4104420136021bioalnaturatomateninstckekruter-herbes.png"
            ],
            "ItemTitle": "Alnatura Bio Tomaten in Stücke Kräuter 400G",
            "ItemPrice": "1,19€",
            "ItemUnit": "4,96€/kg",
            "local_image_path": "Lebensmittel/Soßen/4104420136021bioalnaturatomateninstckekruter-herbes.png"
          },
          {
            "image_urls": [
              "https://www.edeka24.de/out/pictures/generated/product/1/224_224_90/alnatura_bio_tomaten_ketchup.jpg"
            ],
            "ItemTitle": "Alnatura Bio Tomaten Ketchup 500ML",
            "ItemPrice": "2,69€",
            "ItemUnit": "5,38€/l",
            "local_image_path": "Lebensmittel/Soßen/alnatura_bio_tomaten_ketchup.jpg"
          },
          {
            "image_urls": [
              "https://www.edeka24.de/out/pictures/generated/product/1/224_224_90/alnatura_bio_tomaten_in_stcke_natur_400_g.jpg"
            ],
            "ItemTitle": "Alnatura Bio Tomaten Stücke Natur 400G",
            "ItemPrice": "1,29€",
            "ItemUnit": "5,38€/kg",
            "local_image_path": "Lebensmittel/Soßen/alnatura_bio_tomaten_in_stcke_natur_400_g.jpg"
          },
          {
            "image_urls": [
              "https://www.edeka24.de/out/pictures/generated/product/1/224_224_90/bio_alnatura_tomatensauce_arrabiata_350ml.jpg"
            ],
            "ItemTitle": "Alnatura Bio Tomatensauce Arrabiata 350ML",
            "ItemPrice": "2,69€",
            "ItemUnit": "7,69€/l",
            "local_image_path": "Bio-Produkte/Lebensmittel von Alnatura/bio_alnatura_tomatensauce_arrabiata_350ml.jpg"
          },
          {
            "image_urls": [
              "https://www.edeka24.de/out/pictures/generated/product/1/224_224_90/alnaturatomsaubasilikum.jpg"
            ],
            "ItemTitle": "Alnatura Bio Tomatensauce Basilikum 350ML",
            "ItemPrice": "2,69€",
            "ItemUnit": "7,69€/l",
            "local_image_path": "Bio-Produkte/Lebensmittel von Alnatura/alnaturatomsaubasilikum.jpg"
          },
          {
            "image_urls": [
              "https://www.edeka24.de/out/pictures/generated/product/1/224_224_90/bio_alnatura_bolognese_sauce_330ml.jpg"
            ],
            "ItemTitle": "Alnatura Bio Tomatensauce Bolognese 330ML",
            "ItemPrice": "3,49€",
            "ItemUnit": "10,58€/l",
            "local_image_path": "Bio-Produkte/Lebensmittel von Alnatura/bio_alnatura_bolognese_sauce_330ml.jpg"
          },
          {
            "image_urls": [
              "https://www.edeka24.de/out/pictures/generated/product/1/224_224_90/bio_alnatura_tomatensauce_gegrilltes_gemamp252se_350ml.jpg"
            ],
            "ItemTitle": "Alnatura Bio Tomatensauce Gegrilltes Gemüse 350ML",
            "ItemPrice": "2,69€",
            "ItemUnit": "7,69€/l",
            "local_image_path": "Bio-Produkte/Lebensmittel von Alnatura/bio_alnatura_tomatensauce_gegrilltes_gemamp252se_350ml.jpg"
          },
          {
            "image_urls": [
              "https://www.edeka24.de/out/pictures/generated/product/1/224_224_90/alnatura_bio_tomatensauce_klassik_350_ml.jpg"
            ],
            "ItemTitle": "Alnatura Bio Tomatensauce Klassik 350ML",
            "ItemPrice": "2,69€",
            "ItemUnit": "7,69€/l",
            "local_image_path": "Wein/ Spirituosen/Spirituosen/highland_park_18_jahre_single_malt_whisky.jpg"
          },
          {
            "image_urls": [
              "https://www.edeka24.de/out/pictures/generated/product/1/224_224_90/bio_alnatura_tomatensauce_kramp228uter_350ml.jpg"
            ],
            "ItemTitle": "Alnatura Bio Tomatensauce Kräuter 350ML",
            "ItemPrice": "2,69€",
            "ItemUnit": "7,69€/l",
            "local_image_path": "Lebensmittel/Soßen/bio_alnatura_tomatensauce_kramp228uter_350ml.jpg"
          },
          {
            "image_urls": [
              "https://www.edeka24.de/out/pictures/generated/product/1/224_224_90/bio_alnatura_tomatensauce_ricotta_350ml(1).jpg"
            ],
            "ItemTitle": "Alnatura Bio Tomatensauce Ricotta 350ML",
            "ItemPrice": "2,79€",
            "ItemUnit": "7,97€/l",
            "local_image_path": "Wein/ Spirituosen/Spirituosen/highland_park_18_jahre_single_malt_whisky.jpg"
          },
          {
            "image_urls": [
              "https://www.edeka24.de/out/pictures/generated/product/1/224_224_90/alnatura_bio_schoko_dinkel_kugeln_125_g.jpg"
            ],
            "ItemTitle": "Alnatura Bio Schoko Dinkel Kugeln 125G",
            "ItemPrice": "2,29€",
            "ItemUnit": "18,32€/kg",
            "local_image_path": "Bio-Produkte/Lebensmittel von Alnatura/alnatura_bio_schoko_dinkel_kugeln_125_g.jpg"
          },
          {
            "image_urls": [
              "https://www.edeka24.de/out/pictures/generated/product/1/224_224_90/alnatura_bio_schoko_orangen_kekse_150_g.jpg"
            ],
            "ItemTitle": "Alnatura Bio Schoko Orangen Kekse 150G",
            "ItemPrice": "2,29€",
            "ItemUnit": "15,27€/kg",
            "local_image_path": "Bio-Produkte/Lebensmittel von Alnatura/alnatura_bio_schoko_orangen_kekse_150_g.jpg"
          },
          {
            "image_urls": [
              "https://www.edeka24.de/out/pictures/generated/product/1/224_224_90/alnaturaschokoreiswaffelnvm.jpg"
            ],
            "ItemTitle": "Alnatura Bio Schoko Reis Waffeln Vollmilch 100G",
            "ItemPrice": "1,29€",
            "ItemUnit": "12,90€/kg",
            "local_image_path": "Bio-Produkte/Lebensmittel von Alnatura/alnaturaschokoreiswaffelnvm.jpg"
          },
          {
            "image_urls": [
              "https://www.edeka24.de/out/pictures/generated/product/1/224_224_90/alnaturaschokoreiswaffelnvmcocos.jpg"
            ],
            "ItemTitle": "Alnatura Bio Schoko Reis Waffeln Vollmilch Cocos 100G",
            "ItemPrice": "1,69€",
            "ItemUnit": "16,90€/kg",
            "local_image_path": "Bio-Produkte/Frühstücksartikel von Alnatura/alnaturaschokoreiswaffelnvmcocos.jpg"
          },
          {
            "image_urls": [
              "https://www.edeka24.de/out/pictures/generated/product/1/224_224_90/alnatura_bio_schoko_reis_waffeln_zartbitter_orange_100g.jpg"
            ],
            "ItemTitle": "Alnatura Bio Schoko Reis Waffeln Zartbitter Orange 100G",
            "ItemPrice": "1,59€",
            "ItemUnit": "15,90€/kg",
            "local_image_path": "Lebensmittel/Süß & Salzig/alnatura_bio_schoko_reis_waffeln_zartbitter_orange_100g.jpg"
          },
          {
            "image_urls": [
              "https://www.edeka24.de/out/pictures/generated/product/1/224_224_90/alnatura_bio_schwbische_sptzle_gga_400g.jpg"
            ],
            "ItemTitle": "Alnatura Bio Schwäbische Spätzle g.g.A. 400G",
            "ItemPrice": "2,99€",
            "ItemUnit": "7,48€/kg",
            "local_image_path": "Bio-Produkte/Lebensmittel von Alnatura/alnatura_bio_schwbische_sptzle_gga_400g.jpg"
          },
          {
            "image_urls": [
              "https://www.edeka24.de/out/pictures/generated/product/1/224_224_90/alnatura_bio_senf_mittelscharf_200_g.jpg"
            ],
            "ItemTitle": "Alnatura Bio Senf mittelscharf 200G",
            "ItemPrice": "1,79€",
            "ItemUnit": "8,95€/kg",
            "local_image_path": "Bio-Produkte/Lebensmittel von Alnatura/alnatura_bio_senf_mittelscharf_200_g.jpg"
          },
          {
            "image_urls": [
              "https://www.edeka24.de/out/pictures/generated/product/1/224_224_90/alnatura_bio_sesam_ungeschlt.jpg"
            ],
            "ItemTitle": "Alnatura Bio Sesam ungeschält 500G",
            "ItemPrice": "3,29€",
            "ItemUnit": "6,58€/kg",
            "local_image_path": "Bio-Produkte/Lebensmittel von Alnatura/alnatura_bio_sesam_ungeschlt.jpg"
          },
          {
            "image_urls": [
              "https://www.edeka24.de/out/pictures/generated/product/1/224_224_90/bio_alnatura_sesamkrokantriegel_4st_108g.jpg"
            ],
            "ItemTitle": "Alnatura Bio Sesam-Krokant-Riegel 4ST 108G",
            "ItemPrice": "2,39€",
            "ItemUnit": "22,13€/kg",
            "local_image_path": "Bio-Produkte/Lebensmittel von Alnatura/bio_alnatura_sesamkrokantriegel_4st_108g.jpg"
          },
          {
            "image_urls": [
              "https://www.edeka24.de/out/pictures/generated/product/1/224_224_90/bio_alnatura_sesamamp246l_nativ_250ml.jpg"
            ],
            "ItemTitle": "Alnatura Bio Sesamöl nativ 250ML",
            "ItemPrice": "4,49€",
            "ItemUnit": "17,96€/l",
            "local_image_path": "Bio-Produkte/Lebensmittel von Alnatura/bio_alnatura_sesamamp246l_nativ_250ml.jpg"
          },
          {
            "image_urls": [
              "https://www.edeka24.de/out/pictures/generated/product/1/224_224_90/bio_alnasojamehl_300g.jpg"
            ],
            "ItemTitle": "Alnatura Bio Soja Mehl 300G",
            "ItemPrice": "2,69€",
            "ItemUnit": "8,97€/kg",
            "local_image_path": "Bio-Produkte/Lebensmittel von Alnatura/bio_alnasojamehl_300g.jpg"
          },
          {
            "image_urls": [
              "https://www.edeka24.de/out/pictures/generated/product/1/224_224_90/alnatura_bio_sojasauce_shoyu.jpg"
            ],
            "ItemTitle": "Alnatura Bio Soja-Sauce Shoyu 250ML",
            "ItemPrice": "3,29€",
            "ItemUnit": "13,16€/l",
            "local_image_path": "Bio-Produkte/Lebensmittel von Alnatura/alnatura_bio_sojasauce_shoyu.jpg"
          },
          {
            "image_urls": [
              "https://www.edeka24.de/out/pictures/generated/product/1/224_224_90/4104420022089alnaturabiosojaflocken.png"
            ],
            "ItemTitle": "Alnatura Bio Sojaflocken 500G",
            "ItemPrice": "2,99€",
            "ItemUnit": "5,98€/kg",
            "local_image_path": "Bio-Produkte/Frühstücksartikel von Alnatura/4104420022089alnaturabiosojaflocken.png"
          },
          {
            "image_urls": [
              "https://www.edeka24.de/out/pictures/generated/product/1/224_224_90/alnaturasobluker.jpg"
            ],
            "ItemTitle": "Alnatura Bio Sonnenblumenkerne 500G",
            "ItemPrice": "2,69€",
            "ItemUnit": "5,38€/kg",
            "local_image_path": "Bio-Produkte/Lebensmittel von Alnatura/alnaturasobluker.jpg"
          },
          {
            "image_urls": [
              "https://www.edeka24.de/out/pictures/generated/product/1/224_224_90/alnaturaspaghetti.jpg"
            ],
            "ItemTitle": "Alnatura Bio Spaghetti aus der Bronzeform 500G",
            "ItemPrice": "1,59€",
            "ItemUnit": "3,18€/kg",
            "local_image_path": "Bio-Produkte/Lebensmittel von Alnatura/alnaturaspaghetti.jpg"
          },
          {
            "image_urls": [
              "https://www.edeka24.de/out/pictures/generated/product/1/224_224_90/bio_alnasteirkuerboel100ml.jpg"
            ],
            "ItemTitle": "Alnatura Bio Steirisches Kürbiskernöl g.g.A. 100ML",
            "ItemPrice": "5,49€",
            "ItemUnit": "54,90€/l",
            "local_image_path": "Bio-Produkte/Lebensmittel von Alnatura/bio_alnasteirkuerboel100ml.jpg"
          },
          {
            "image_urls": [
              "https://www.edeka24.de/out/pictures/generated/product/1/224_224_90/bio_alnatura_samp252amp223er_senf_190g.jpg"
            ],
            "ItemTitle": "Alnatura Bio Süßer Senf 190G",
            "ItemPrice": "1,89€",
            "ItemUnit": "9,95€/kg",
            "local_image_path": "Bio-Produkte/Lebensmittel von Alnatura/bio_alnatura_samp252amp223er_senf_190g.jpg"
          },
          {
            "image_urls": [
              "https://www.edeka24.de/out/pictures/generated/product/1/224_224_90/bio_alnatura_thai_kokos_curry_325ml.jpg"
            ],
            "ItemTitle": "Alnatura Bio Thai Kokos Curry 325ML",
            "ItemPrice": "2,49€",
            "ItemUnit": "7,66€/l",
            "local_image_path": "Lebensmittel/Soßen/bio_alnatura_thai_kokos_curry_325ml.jpg"
          },
          {
            "image_urls": [
              "https://www.edeka24.de/out/pictures/generated/product/1/224_224_90/alnatura_bio_alntofu_natur_200g.jpg"
            ],
            "ItemTitle": "Alnatura Bio Tofu Natur 200G",
            "ItemPrice": "1,79€",
            "ItemUnit": "8,95€/kg",
            "local_image_path": "Bio-Produkte/Lebensmittel von Alnatura/alnatura_bio_alntofu_natur_200g.jpg"
          },
          {
            "image_urls": [
              "https://www.edeka24.de/out/pictures/generated/product/1/224_224_90/4104420016644-alnatura-bio-tomaten-cremesuppe.jpg"
            ],
            "ItemTitle": "Alnatura Bio Tomaten Cremesuppe 46G",
            "ItemPrice": "1,29€",
            "ItemUnit": "28,04€/kg",
            "local_image_path": "Lebensmittel/Fertiggerichte/4104420016644-alnatura-bio-tomaten-cremesuppe.jpg"
          },
          {
            "image_urls": [
              "https://www.edeka24.de/out/pictures/generated/product/1/224_224_90/4104420136021bioalnaturatomateninstckekruter-herbes.png"
            ],
            "ItemTitle": "Alnatura Bio Tomaten in Stücke Kräuter 400G",
            "ItemPrice": "1,19€",
            "ItemUnit": "4,96€/kg",
            "local_image_path": "Lebensmittel/Soßen/4104420136021bioalnaturatomateninstckekruter-herbes.png"
          },
          {
            "image_urls": [
              "https://www.edeka24.de/out/pictures/generated/product/1/224_224_90/alnatura_bio_tomaten_ketchup.jpg"
            ],
            "ItemTitle": "Alnatura Bio Tomaten Ketchup 500ML",
            "ItemPrice": "2,69€",
            "ItemUnit": "5,38€/l",
            "local_image_path": "Lebensmittel/Soßen/alnatura_bio_tomaten_ketchup.jpg"
          },
          {
            "image_urls": [
              "https://www.edeka24.de/out/pictures/generated/product/1/224_224_90/alnatura_bio_tomaten_in_stcke_natur_400_g.jpg"
            ],
            "ItemTitle": "Alnatura Bio Tomaten Stücke Natur 400G",
            "ItemPrice": "1,29€",
            "ItemUnit": "5,38€/kg",
            "local_image_path": "Lebensmittel/Soßen/alnatura_bio_tomaten_in_stcke_natur_400_g.jpg"
          },
          {
            "image_urls": [
              "https://www.edeka24.de/out/pictures/generated/product/1/224_224_90/bio_alnatura_tomatensauce_arrabiata_350ml.jpg"
            ],
            "ItemTitle": "Alnatura Bio Tomatensauce Arrabiata 350ML",
            "ItemPrice": "2,69€",
            "ItemUnit": "7,69€/l",
            "local_image_path": "Bio-Produkte/Lebensmittel von Alnatura/bio_alnatura_tomatensauce_arrabiata_350ml.jpg"
          },
          {
            "image_urls": [
              "https://www.edeka24.de/out/pictures/generated/product/1/224_224_90/alnaturatomsaubasilikum.jpg"
            ],
            "ItemTitle": "Alnatura Bio Tomatensauce Basilikum 350ML",
            "ItemPrice": "2,69€",
            "ItemUnit": "7,69€/l",
            "local_image_path": "Bio-Produkte/Lebensmittel von Alnatura/alnaturatomsaubasilikum.jpg"
          },
          {
            "image_urls": [
              "https://www.edeka24.de/out/pictures/generated/product/1/224_224_90/bio_alnatura_bolognese_sauce_330ml.jpg"
            ],
            "ItemTitle": "Alnatura Bio Tomatensauce Bolognese 330ML",
            "ItemPrice": "3,49€",
            "ItemUnit": "10,58€/l",
            "local_image_path": "Bio-Produkte/Lebensmittel von Alnatura/bio_alnatura_bolognese_sauce_330ml.jpg"
          },
          {
            "image_urls": [
              "https://www.edeka24.de/out/pictures/generated/product/1/224_224_90/bio_alnatura_tomatensauce_gegrilltes_gemamp252se_350ml.jpg"
            ],
            "ItemTitle": "Alnatura Bio Tomatensauce Gegrilltes Gemüse 350ML",
            "ItemPrice": "2,69€",
            "ItemUnit": "7,69€/l",
            "local_image_path": "Bio-Produkte/Lebensmittel von Alnatura/bio_alnatura_tomatensauce_gegrilltes_gemamp252se_350ml.jpg"
          },
          {
            "image_urls": [
              "https://www.edeka24.de/out/pictures/generated/product/1/224_224_90/alnatura_bio_tomatensauce_klassik_350_ml.jpg"
            ],
            "ItemTitle": "Alnatura Bio Tomatensauce Klassik 350ML",
            "ItemPrice": "2,69€",
            "ItemUnit": "7,69€/l",
            "local_image_path": "Wein/ Spirituosen/Spirituosen/highland_park_18_jahre_single_malt_whisky.jpg"
          },
          {
            "image_urls": [
              "https://www.edeka24.de/out/pictures/generated/product/1/224_224_90/bio_alnatura_tomatensauce_kramp228uter_350ml.jpg"
            ],
            "ItemTitle": "Alnatura Bio Tomatensauce Kräuter 350ML",
            "ItemPrice": "2,69€",
            "ItemUnit": "7,69€/l",
            "local_image_path": "Lebensmittel/Soßen/bio_alnatura_tomatensauce_kramp228uter_350ml.jpg"
          },
          {
            "image_urls": [
              "https://www.edeka24.de/out/pictures/generated/product/1/224_224_90/bio_alnatura_tomatensauce_ricotta_350ml(1).jpg"
            ],
            "ItemTitle": "Alnatura Bio Tomatensauce Ricotta 350ML",
            "ItemPrice": "2,79€",
            "ItemUnit": "7,97€/l",
            "local_image_path": "Wein/ Spirituosen/Spirituosen/highland_park_18_jahre_single_malt_whisky.jpg"
          },
          {
            "image_urls": [
              "https://www.edeka24.de/out/pictures/generated/product/1/224_224_90/bio_alnatura_5korngetreidebrei_ab_dem_6_monat_250g.jpg"
            ],
            "ItemTitle": "Alnatura Bio 5-Korn-Getreidebrei ab dem 6. Monat 250G",
            "ItemPrice": "2,49€",
            "ItemUnit": "9,96€/kg",
            "local_image_path": "Bio-Produkte/Lebensmittel von Alnatura/bio_alnatura_5korngetreidebrei_ab_dem_6_monat_250g.jpg"
          },
          {
            "image_urls": [
              "https://www.edeka24.de/out/pictures/generated/product/1/224_224_90/alnatura_bio_agavendicksaft.jpg"
            ],
            "ItemTitle": "Alnatura Bio Agavendicksaft 250ML",
            "ItemPrice": "2,79€",
            "ItemUnit": "11,16€/l",
            "local_image_path": "Lebensmittel/Backen & Desserts/alnatura_bio_agavendicksaft.jpg"
          },
          {
            "image_urls": [
              "https://www.edeka24.de/out/pictures/generated/product/1/224_224_90/alnaturaahornsirupgrada.jpg"
            ],
            "ItemTitle": "Alnatura Bio Ahornsirup Grad A 250ML",
            "ItemPrice": "5,79€",
            "ItemUnit": "23,16€/l",
            "local_image_path": "Bio-Produkte/Lebensmittel von Alnatura/alnaturaahornsirupgrada.jpg"
          },
          {
            "image_urls": [
              "https://www.edeka24.de/out/pictures/generated/product/1/224_224_90/bio_alnatura_ahornsirupgrad_c_375ml.jpg"
            ],
            "ItemTitle": "Alnatura Bio Ahornsirup Grad C 375ML",
            "ItemPrice": "7,99€",
            "ItemUnit": "21,31€/l",
            "local_image_path": "Lebensmittel/Backen & Desserts/bio_alnatura_ahornsirupgrad_c_375ml.jpg"
          },
          {
            "image_urls": [
              "https://www.edeka24.de/out/pictures/generated/product/1/224_224_90/alnatura_bio_amaranth_gepufft.jpg"
            ],
            "ItemTitle": "Alnatura Bio Amaranth gepufft 125G",
            "ItemPrice": "1,89€",
            "ItemUnit": "15,12€/kg",
            "local_image_path": "Bio-Produkte/Frühstücksartikel von Alnatura/alnatura_bio_amaranth_gepufft.jpg"
          },
          {
            "image_urls": [
              "https://www.edeka24.de/out/pictures/generated/product/1/224_224_90/alnatura_bio_amaranth_riegel_zartbitter.jpg"
            ],
            "ItemTitle": "Alnatura Bio Amaranth Zartbitter Riegel 25G",
            "ItemPrice": "1,19€",
            "ItemUnit": "47,60€/kg",
            "local_image_path": "Bio-Produkte/Lebensmittel von Alnatura/alnatura_bio_amaranth_riegel_zartbitter.jpg"
          },
          {
            "image_urls": [
              "https://www.edeka24.de/out/pictures/generated/product/1/224_224_90/bio_alnatura_apfelmark_360g(1).jpg"
            ],
            "ItemTitle": "Alnatura Bio Apfelmark 360G",
            "ItemPrice": "1,19€",
            "ItemUnit": "3,31€/kg",
            "local_image_path": "Lebensmittel/Konserven/bio_alnatura_apfelmark_360g(1).jpg"
          },
          {
            "image_urls": [
              "https://www.edeka24.de/out/pictures/generated/product/1/224_224_90/bio_alnatura_apfelmark_700g(1).jpg"
            ],
            "ItemTitle": "Alnatura Bio Apfelmark 700G",
            "ItemPrice": "2,19€",
            "ItemUnit": "3,13€/kg",
            "local_image_path": "Bio-Produkte/Lebensmittel von Alnatura/bio_alnatura_apfelmark_700g(1).jpg"
          },
          {
            "image_urls": [
              "https://www.edeka24.de/out/pictures/generated/product/1/224_224_90/bio_alnatura_apfelmark_guave_mango_maracuja_360g.jpg"
            ],
            "ItemTitle": "Alnatura Bio Apfelmark Guave, Mango & Maracuja 360G",
            "ItemPrice": "1,79€",
            "ItemUnit": "4,97€/kg",
            "local_image_path": "Bio-Produkte/Lebensmittel von Alnatura/bio_alnatura_apfelmark_guave_mango_maracuja_360g.jpg"
          },
          {
            "image_urls": [
              "https://www.edeka24.de/out/pictures/generated/product/1/224_224_90/4104420033740alnaturabioapfelmarkmitaprikose.png"
            ],
            "ItemTitle": "Alnatura Bio Apfelmark mit Aprikose 360G",
            "ItemPrice": "1,69€",
            "ItemUnit": "4,69€/kg",
            "local_image_path": "Bio-Produkte/Lebensmittel von Alnatura/4104420033740alnaturabioapfelmarkmitaprikose.png"
          },
          {
            "image_urls": [
              "https://www.edeka24.de/out/pictures/generated/product/1/224_224_90/4104420033788alnaturabioapfelmarkmitbanane.png"
            ],
            "ItemTitle": "Alnatura Bio Apfelmark mit Banane 360G",
            "ItemPrice": "1,59€",
            "ItemUnit": "4,42€/kg",
            "local_image_path": "Bio-Produkte/Lebensmittel von Alnatura/4104420033788alnaturabioapfelmarkmitbanane.png"
          },
          {
            "image_urls": [
              "https://www.edeka24.de/out/pictures/generated/product/1/224_224_90/alnatura_bio_apfelmark_mit_mango_360_g.jpg"
            ],
            "ItemTitle": "Alnatura Bio Apfelmark mit Mango 360G",
            "ItemPrice": "1,89€",
            "ItemUnit": "5,25€/kg",
            "local_image_path": "Bio-Produkte/Lebensmittel von Alnatura/alnatura_bio_apfelmark_mit_mango_360_g.jpg"
          },
          {
            "image_urls": [
              "https://www.edeka24.de/out/pictures/generated/product/1/224_224_90/bio_alnatura_backhefe_9g.jpg"
            ],
            "ItemTitle": "Alnatura Bio Backhefe 9G",
            "ItemPrice": "0,79€",
            "ItemUnit": "",
            "local_image_path": "Lebensmittel/Backen & Desserts/bio_alnatura_backhefe_9g.jpg"
          },
          {
            "image_urls": [
              "https://www.edeka24.de/out/pictures/generated/product/1/224_224_90/bio_alnatura_reinweinstein_backpulver_72g.jpg"
            ],
            "ItemTitle": "Alnatura Bio Backpulver Reinweinstein 4ST 72G",
            "ItemPrice": "1,29€",
            "ItemUnit": "17,92€/kg",
            "local_image_path": "Lebensmittel/Backen & Desserts/bio_alnatura_reinweinstein_backpulver_72g.jpg"
          },
          {
            "image_urls": [
              "https://www.edeka24.de/out/pictures/generated/product/1/224_224_90/alnaturabakbea.jpg"
            ],
            "ItemTitle": "Alnatura Bio Baked Beans 360G",
            "ItemPrice": "1,89€",
            "ItemUnit": "5,25€/kg",
            "local_image_path": "Lebensmittel/Konserven/alnaturabakbea.jpg"
          },
          {
            "image_urls": [
              "https://www.edeka24.de/out/pictures/generated/product/1/224_224_90/alnatura_bio_banane_riegel.jpg"
            ],
            "ItemTitle": "Alnatura Bio Banane Riegel 40G",
            "ItemPrice": "1,39€",
            "ItemUnit": "34,75€/kg",
            "local_image_path": "Bio-Produkte/Lebensmittel von Alnatura/alnatura_bio_banane_riegel.jpg"
          },
          {
            "image_urls": [
              "https://www.edeka24.de/out/pictures/generated/product/1/224_224_90/alnatura_bio_bananen_chips.jpg"
            ],
            "ItemTitle": "Alnatura Bio Bananen Chips 150G",
            "ItemPrice": "1,49€",
            "ItemUnit": "9,93€/kg",
            "local_image_path": "Bio-Produkte/Lebensmittel von Alnatura/alnatura_bio_bananen_chips.jpg"
          },
          {
            "image_urls": [
              "https://www.edeka24.de/out/pictures/generated/product/1/224_224_90/bio_alnatura_basilikum_20g.jpg"
            ],
            "ItemTitle": "Alnatura Bio Basilikum 20G",
            "ItemPrice": "2,19€",
            "ItemUnit": "109,50€/kg",
            "local_image_path": "Bio-Produkte/Lebensmittel von Alnatura/bio_alnatura_basilikum_20g.jpg"
          },
          {
            "image_urls": [
              "https://www.edeka24.de/out/pictures/generated/product/1/224_224_90/bio_alnatura_bbq_burger_180g.jpg"
            ],
            "ItemTitle": "Alnatura Bio BBQ Burger 180G",
            "ItemPrice": "3,19€",
            "ItemUnit": "17,72€/kg",
            "local_image_path": "Lebensmittel/Beilagen/bio_alnatura_bbq_burger_180g.jpg"
          },
          {
            "image_urls": [
              "https://www.edeka24.de/out/pictures/generated/product/1/224_224_90/42100478-alnatura-bio-beere-fruchtschnitte.jpg"
            ],
            "ItemTitle": "Alnatura Bio Beere Riegel 75G",
            "ItemPrice": "2,39€",
            "ItemUnit": "31,87€/kg",
            "local_image_path": "Bio-Produkte/Lebensmittel von Alnatura/42100478-alnatura-bio-beere-fruchtschnitte.jpg"
          },
          {
            "image_urls": [
              "https://www.edeka24.de/out/pictures/generated/product/1/224_224_90/alnatura_bio_beluga_linsen_500_g.jpg"
            ],
            "ItemTitle": "Alnatura Bio Beluga Linsen 500G",
            "ItemPrice": "3,29€",
            "ItemUnit": "6,58€/kg",
            "local_image_path": "Bio-Produkte/Lebensmittel von Alnatura/alnatura_bio_beluga_linsen_500_g.jpg"
          },
          {
            "image_urls": [
              "https://www.edeka24.de/out/pictures/generated/product/1/224_224_90/4104420010666-alnatura-bio-berglinsen.jpg"
            ],
            "ItemTitle": "Alnatura Bio Berglinsen 500G",
            "ItemPrice": "2,69€",
            "ItemUnit": "5,38€/kg",
            "local_image_path": "Lebensmittel/Beilagen/4104420010666-alnatura-bio-berglinsen.jpg"
          },
          {
            "image_urls": [
              "https://www.edeka24.de/out/pictures/generated/product/1/224_224_90/bio_alnatura_bowl_nach_indischer_art_250g.jpg"
            ],
            "ItemTitle": "Alnatura Bio Bowl nach indischer Art 250G",
            "ItemPrice": "3,29€",
            "ItemUnit": "13,16€/kg",
            "local_image_path": "Bio-Produkte/Lebensmittel von Alnatura/bio_alnatura_bowl_nach_indischer_art_250g.jpg"
          },
          {
            "image_urls": [
              "https://www.edeka24.de/out/pictures/generated/product/1/224_224_90/bio_alnatura_bowl_nach_mexikanischer_art_250g.jpg"
            ],
            "ItemTitle": "Alnatura Bio Bowl nach mexikanischer Art 250G",
            "ItemPrice": "3,29€",
            "ItemUnit": "13,16€/kg",
            "local_image_path": "Bio-Produkte/Lebensmittel von Alnatura/bio_alnatura_bowl_nach_mexikanischer_art_250g.jpg"
          },
          {
            "image_urls": [
              "https://www.edeka24.de/out/pictures/generated/product/1/224_224_90/bio_alnatura_bratamp246l_750ml(2).jpg"
            ],
            "ItemTitle": "Alnatura Bio Bratöl 750ML",
            "ItemPrice": "5,49€",
            "ItemUnit": "7,32€/l",
            "local_image_path": "Lebensmittel/Würzmittel & Brühen/bio_alnatura_bratamp246l_750ml(2).jpg"
          },
          {
            "image_urls": [
              "https://www.edeka24.de/out/pictures/generated/product/1/224_224_90/bio_alnatura_buchweizen_500g.jpg"
            ],
            "ItemTitle": "Alnatura Bio Buchweizen 500G",
            "ItemPrice": "2,79€",
            "ItemUnit": "5,58€/kg",
            "local_image_path": "Lebensmittel/Beilagen/bio_alnatura_buchweizen_500g.jpg"
          },
          {
            "image_urls": [
              "https://www.edeka24.de/out/pictures/generated/product/1/224_224_90/bio_alnatura_buchweizenmehl_500g.jpg"
            ],
            "ItemTitle": "Alnatura Bio Buchweizenmehl 500G",
            "ItemPrice": "2,69€",
            "ItemUnit": "5,38€/kg",
            "local_image_path": "Bio-Produkte/Lebensmittel von Alnatura/bio_alnatura_buchweizenmehl_500g.jpg"
          },
          {
            "image_urls": [
              "https://www.edeka24.de/out/pictures/generated/product/1/224_224_90/bio_alnatura_bulgur_500g(1).jpg"
            ],
            "ItemTitle": "Alnatura Bio Bulgur 500G",
            "ItemPrice": "2,29€",
            "ItemUnit": "4,58€/kg",
            "local_image_path": "Bio-Produkte/Lebensmittel von Alnatura/bio_alnatura_bulgur_500g(1).jpg"
          },
          {
            "image_urls": [
              "https://www.edeka24.de/out/pictures/generated/product/1/224_224_90/bio_alnatura_butter_sables_110g.jpg"
            ],
            "ItemTitle": "Alnatura Bio Butter Sables 110G",
            "ItemPrice": "2,29€",
            "ItemUnit": "20,82€/kg",
            "local_image_path": "Bio-Produkte/Lebensmittel von Alnatura/bio_alnatura_butter_sables_110g.jpg"
          },
          {
            "image_urls": [
              "https://www.edeka24.de/out/pictures/generated/product/1/224_224_90/bio_alnatura_cappuccinoschokolade_100g.jpg"
            ],
            "ItemTitle": "Alnatura Bio Cappuccino Schokolade 100G",
            "ItemPrice": "2,19€",
            "ItemUnit": "21,90€/kg",
            "local_image_path": "Bio-Produkte/Lebensmittel von Alnatura/bio_alnatura_cappuccinoschokolade_100g.jpg"
          },
          {
            "image_urls": [
              "https://www.edeka24.de/out/pictures/generated/product/1/224_224_90/bio_alnatura_5korngetreidebrei_ab_dem_6_monat_250g.jpg"
            ],
            "ItemTitle": "Alnatura Bio 5-Korn-Getreidebrei ab dem 6. Monat 250G",
            "ItemPrice": "2,49€",
            "ItemUnit": "9,96€/kg",
            "local_image_path": "Bio-Produkte/Lebensmittel von Alnatura/bio_alnatura_5korngetreidebrei_ab_dem_6_monat_250g.jpg"
          },
          {
            "image_urls": [
              "https://www.edeka24.de/out/pictures/generated/product/1/224_224_90/alnatura_bio_agavendicksaft.jpg"
            ],
            "ItemTitle": "Alnatura Bio Agavendicksaft 250ML",
            "ItemPrice": "2,79€",
            "ItemUnit": "11,16€/l",
            "local_image_path": "Lebensmittel/Backen & Desserts/alnatura_bio_agavendicksaft.jpg"
          },
          {
            "image_urls": [
              "https://www.edeka24.de/out/pictures/generated/product/1/224_224_90/alnaturaahornsirupgrada.jpg"
            ],
            "ItemTitle": "Alnatura Bio Ahornsirup Grad A 250ML",
            "ItemPrice": "5,79€",
            "ItemUnit": "23,16€/l",
            "local_image_path": "Bio-Produkte/Lebensmittel von Alnatura/alnaturaahornsirupgrada.jpg"
          },
          {
            "image_urls": [
              "https://www.edeka24.de/out/pictures/generated/product/1/224_224_90/bio_alnatura_ahornsirupgrad_c_375ml.jpg"
            ],
            "ItemTitle": "Alnatura Bio Ahornsirup Grad C 375ML",
            "ItemPrice": "7,99€",
            "ItemUnit": "21,31€/l",
            "local_image_path": "Lebensmittel/Backen & Desserts/bio_alnatura_ahornsirupgrad_c_375ml.jpg"
          },
          {
            "image_urls": [
              "https://www.edeka24.de/out/pictures/generated/product/1/224_224_90/alnatura_bio_amaranth_gepufft.jpg"
            ],
            "ItemTitle": "Alnatura Bio Amaranth gepufft 125G",
            "ItemPrice": "1,89€",
            "ItemUnit": "15,12€/kg",
            "local_image_path": "Bio-Produkte/Frühstücksartikel von Alnatura/alnatura_bio_amaranth_gepufft.jpg"
          },
          {
            "image_urls": [
              "https://www.edeka24.de/out/pictures/generated/product/1/224_224_90/alnatura_bio_amaranth_riegel_zartbitter.jpg"
            ],
            "ItemTitle": "Alnatura Bio Amaranth Zartbitter Riegel 25G",
            "ItemPrice": "1,19€",
            "ItemUnit": "47,60€/kg",
            "local_image_path": "Bio-Produkte/Lebensmittel von Alnatura/alnatura_bio_amaranth_riegel_zartbitter.jpg"
          },
          {
            "image_urls": [
              "https://www.edeka24.de/out/pictures/generated/product/1/224_224_90/bio_alnatura_apfelmark_360g(1).jpg"
            ],
            "ItemTitle": "Alnatura Bio Apfelmark 360G",
            "ItemPrice": "1,19€",
            "ItemUnit": "3,31€/kg",
            "local_image_path": "Lebensmittel/Konserven/bio_alnatura_apfelmark_360g(1).jpg"
          },
          {
            "image_urls": [
              "https://www.edeka24.de/out/pictures/generated/product/1/224_224_90/bio_alnatura_apfelmark_700g(1).jpg"
            ],
            "ItemTitle": "Alnatura Bio Apfelmark 700G",
            "ItemPrice": "2,19€",
            "ItemUnit": "3,13€/kg",
            "local_image_path": "Bio-Produkte/Lebensmittel von Alnatura/bio_alnatura_apfelmark_700g(1).jpg"
          },
          {
            "image_urls": [
              "https://www.edeka24.de/out/pictures/generated/product/1/224_224_90/bio_alnatura_apfelmark_guave_mango_maracuja_360g.jpg"
            ],
            "ItemTitle": "Alnatura Bio Apfelmark Guave, Mango & Maracuja 360G",
            "ItemPrice": "1,79€",
            "ItemUnit": "4,97€/kg",
            "local_image_path": "Bio-Produkte/Lebensmittel von Alnatura/bio_alnatura_apfelmark_guave_mango_maracuja_360g.jpg"
          },
          {
            "image_urls": [
              "https://www.edeka24.de/out/pictures/generated/product/1/224_224_90/4104420033740alnaturabioapfelmarkmitaprikose.png"
            ],
            "ItemTitle": "Alnatura Bio Apfelmark mit Aprikose 360G",
            "ItemPrice": "1,69€",
            "ItemUnit": "4,69€/kg",
            "local_image_path": "Bio-Produkte/Lebensmittel von Alnatura/4104420033740alnaturabioapfelmarkmitaprikose.png"
          },
          {
            "image_urls": [
              "https://www.edeka24.de/out/pictures/generated/product/1/224_224_90/4104420033788alnaturabioapfelmarkmitbanane.png"
            ],
            "ItemTitle": "Alnatura Bio Apfelmark mit Banane 360G",
            "ItemPrice": "1,59€",
            "ItemUnit": "4,42€/kg",
            "local_image_path": "Bio-Produkte/Lebensmittel von Alnatura/4104420033788alnaturabioapfelmarkmitbanane.png"
          },
          {
            "image_urls": [
              "https://www.edeka24.de/out/pictures/generated/product/1/224_224_90/alnatura_bio_apfelmark_mit_mango_360_g.jpg"
            ],
            "ItemTitle": "Alnatura Bio Apfelmark mit Mango 360G",
            "ItemPrice": "1,89€",
            "ItemUnit": "5,25€/kg",
            "local_image_path": "Bio-Produkte/Lebensmittel von Alnatura/alnatura_bio_apfelmark_mit_mango_360_g.jpg"
          },
          {
            "image_urls": [
              "https://www.edeka24.de/out/pictures/generated/product/1/224_224_90/bio_alnatura_backhefe_9g.jpg"
            ],
            "ItemTitle": "Alnatura Bio Backhefe 9G",
            "ItemPrice": "0,79€",
            "ItemUnit": "",
            "local_image_path": "Lebensmittel/Backen & Desserts/bio_alnatura_backhefe_9g.jpg"
          },
          {
            "image_urls": [
              "https://www.edeka24.de/out/pictures/generated/product/1/224_224_90/bio_alnatura_reinweinstein_backpulver_72g.jpg"
            ],
            "ItemTitle": "Alnatura Bio Backpulver Reinweinstein 4ST 72G",
            "ItemPrice": "1,29€",
            "ItemUnit": "17,92€/kg",
            "local_image_path": "Lebensmittel/Backen & Desserts/bio_alnatura_reinweinstein_backpulver_72g.jpg"
          },
          {
            "image_urls": [
              "https://www.edeka24.de/out/pictures/generated/product/1/224_224_90/alnaturabakbea.jpg"
            ],
            "ItemTitle": "Alnatura Bio Baked Beans 360G",
            "ItemPrice": "1,89€",
            "ItemUnit": "5,25€/kg",
            "local_image_path": "Lebensmittel/Konserven/alnaturabakbea.jpg"
          },
          {
            "image_urls": [
              "https://www.edeka24.de/out/pictures/generated/product/1/224_224_90/alnatura_bio_banane_riegel.jpg"
            ],
            "ItemTitle": "Alnatura Bio Banane Riegel 40G",
            "ItemPrice": "1,39€",
            "ItemUnit": "34,75€/kg",
            "local_image_path": "Bio-Produkte/Lebensmittel von Alnatura/alnatura_bio_banane_riegel.jpg"
          },
          {
            "image_urls": [
              "https://www.edeka24.de/out/pictures/generated/product/1/224_224_90/alnatura_bio_bananen_chips.jpg"
            ],
            "ItemTitle": "Alnatura Bio Bananen Chips 150G",
            "ItemPrice": "1,49€",
            "ItemUnit": "9,93€/kg",
            "local_image_path": "Bio-Produkte/Lebensmittel von Alnatura/alnatura_bio_bananen_chips.jpg"
          },
          {
            "image_urls": [
              "https://www.edeka24.de/out/pictures/generated/product/1/224_224_90/bio_alnatura_basilikum_20g.jpg"
            ],
            "ItemTitle": "Alnatura Bio Basilikum 20G",
            "ItemPrice": "2,19€",
            "ItemUnit": "109,50€/kg",
            "local_image_path": "Bio-Produkte/Lebensmittel von Alnatura/bio_alnatura_basilikum_20g.jpg"
          },
          {
            "image_urls": [
              "https://www.edeka24.de/out/pictures/generated/product/1/224_224_90/bio_alnatura_bbq_burger_180g.jpg"
            ],
            "ItemTitle": "Alnatura Bio BBQ Burger 180G",
            "ItemPrice": "3,19€",
            "ItemUnit": "17,72€/kg",
            "local_image_path": "Lebensmittel/Beilagen/bio_alnatura_bbq_burger_180g.jpg"
          },
          {
            "image_urls": [
              "https://www.edeka24.de/out/pictures/generated/product/1/224_224_90/42100478-alnatura-bio-beere-fruchtschnitte.jpg"
            ],
            "ItemTitle": "Alnatura Bio Beere Riegel 75G",
            "ItemPrice": "2,39€",
            "ItemUnit": "31,87€/kg",
            "local_image_path": "Bio-Produkte/Lebensmittel von Alnatura/42100478-alnatura-bio-beere-fruchtschnitte.jpg"
          },
          {
            "image_urls": [
              "https://www.edeka24.de/out/pictures/generated/product/1/224_224_90/alnatura_bio_beluga_linsen_500_g.jpg"
            ],
            "ItemTitle": "Alnatura Bio Beluga Linsen 500G",
            "ItemPrice": "3,29€",
            "ItemUnit": "6,58€/kg",
            "local_image_path": "Bio-Produkte/Lebensmittel von Alnatura/alnatura_bio_beluga_linsen_500_g.jpg"
          },
          {
            "image_urls": [
              "https://www.edeka24.de/out/pictures/generated/product/1/224_224_90/4104420010666-alnatura-bio-berglinsen.jpg"
            ],
            "ItemTitle": "Alnatura Bio Berglinsen 500G",
            "ItemPrice": "2,69€",
            "ItemUnit": "5,38€/kg",
            "local_image_path": "Lebensmittel/Beilagen/4104420010666-alnatura-bio-berglinsen.jpg"
          },
          {
            "image_urls": [
              "https://www.edeka24.de/out/pictures/generated/product/1/224_224_90/bio_alnatura_bowl_nach_indischer_art_250g.jpg"
            ],
            "ItemTitle": "Alnatura Bio Bowl nach indischer Art 250G",
            "ItemPrice": "3,29€",
            "ItemUnit": "13,16€/kg",
            "local_image_path": "Bio-Produkte/Lebensmittel von Alnatura/bio_alnatura_bowl_nach_indischer_art_250g.jpg"
          },
          {
            "image_urls": [
              "https://www.edeka24.de/out/pictures/generated/product/1/224_224_90/bio_alnatura_bowl_nach_mexikanischer_art_250g.jpg"
            ],
            "ItemTitle": "Alnatura Bio Bowl nach mexikanischer Art 250G",
            "ItemPrice": "3,29€",
            "ItemUnit": "13,16€/kg",
            "local_image_path": "Bio-Produkte/Lebensmittel von Alnatura/bio_alnatura_bowl_nach_mexikanischer_art_250g.jpg"
          },
          {
            "image_urls": [
              "https://www.edeka24.de/out/pictures/generated/product/1/224_224_90/bio_alnatura_bratamp246l_750ml(2).jpg"
            ],
            "ItemTitle": "Alnatura Bio Bratöl 750ML",
            "ItemPrice": "5,49€",
            "ItemUnit": "7,32€/l",
            "local_image_path": "Lebensmittel/Würzmittel & Brühen/bio_alnatura_bratamp246l_750ml(2).jpg"
          },
          {
            "image_urls": [
              "https://www.edeka24.de/out/pictures/generated/product/1/224_224_90/bio_alnatura_buchweizen_500g.jpg"
            ],
            "ItemTitle": "Alnatura Bio Buchweizen 500G",
            "ItemPrice": "2,79€",
            "ItemUnit": "5,58€/kg",
            "local_image_path": "Lebensmittel/Beilagen/bio_alnatura_buchweizen_500g.jpg"
          },
          {
            "image_urls": [
              "https://www.edeka24.de/out/pictures/generated/product/1/224_224_90/bio_alnatura_buchweizenmehl_500g.jpg"
            ],
            "ItemTitle": "Alnatura Bio Buchweizenmehl 500G",
            "ItemPrice": "2,69€",
            "ItemUnit": "5,38€/kg",
            "local_image_path": "Bio-Produkte/Lebensmittel von Alnatura/bio_alnatura_buchweizenmehl_500g.jpg"
          },
          {
            "image_urls": [
              "https://www.edeka24.de/out/pictures/generated/product/1/224_224_90/bio_alnatura_bulgur_500g(1).jpg"
            ],
            "ItemTitle": "Alnatura Bio Bulgur 500G",
            "ItemPrice": "2,29€",
            "ItemUnit": "4,58€/kg",
            "local_image_path": "Bio-Produkte/Lebensmittel von Alnatura/bio_alnatura_bulgur_500g(1).jpg"
          },
          {
            "image_urls": [
              "https://www.edeka24.de/out/pictures/generated/product/1/224_224_90/bio_alnatura_butter_sables_110g.jpg"
            ],
            "ItemTitle": "Alnatura Bio Butter Sables 110G",
            "ItemPrice": "2,29€",
            "ItemUnit": "20,82€/kg",
            "local_image_path": "Bio-Produkte/Lebensmittel von Alnatura/bio_alnatura_butter_sables_110g.jpg"
          },
          {
            "image_urls": [
              "https://www.edeka24.de/out/pictures/generated/product/1/224_224_90/bio_alnatura_cappuccinoschokolade_100g.jpg"
            ],
            "ItemTitle": "Alnatura Bio Cappuccino Schokolade 100G",
            "ItemPrice": "2,19€",
            "ItemUnit": "21,90€/kg",
            "local_image_path": "Bio-Produkte/Lebensmittel von Alnatura/bio_alnatura_cappuccinoschokolade_100g.jpg"
          }
        ]
      }
    ]
  },
  {
    "CategoryTitle": "Jetzt wird gerettet!",
    "Subcategories": [
      {
        "subcategoryTitle": "default_subcategory",
        "productItems": [
          {
            "image_urls": [
              "https://www.edeka24.de/out/pictures/generated/product/1/224_224_90/maggi_fix_broccoli_gratin_36g.jpg"
            ],
            "ItemTitle": "Maggi Broccoli Gratin 36G MHD 09.2023",
            "ItemSalePrice": "0,60",
            "ItemUnit": "16,67€/kg",
            "local_image_path": "Lebensmittel/Soßen/maggi_fix_broccoli_gratin_36g.jpg"
          },
          {
            "image_urls": [
              "https://www.edeka24.de/out/pictures/generated/product/1/224_224_90/aldegottspbg2015.jpg"
            ],
            "ItemTitle": "Alde Gott Spätburgunder Rotwein 0,75L beschädigtes/verschmutztes Etikett",
            "ItemSalePrice": "3,79",
            "ItemUnit": "5,05€/l",
            "local_image_path": "Wein/ Spirituosen/Rotwein/aldegottspbg2015.jpg"
          },
          {
            "image_urls": [
              "https://www.edeka24.de/out/pictures/generated/product/1/224_224_90/knorrnatzuthabra.jpg"
            ],
            "ItemTitle": "Knorr Natürlich Lecker Hackbraten 61G  MHD 09.2023",
            "ItemSalePrice": "0,60",
            "ItemUnit": "9,84€/kg",
            "local_image_path": "Lebensmittel/Soßen/knorrnatzuthabra.jpg"
          },
          {
            "image_urls": [
              "https://www.edeka24.de/out/pictures/generated/product/1/224_224_90/fuegotacokit.jpg"
            ],
            "ItemTitle": "Fuego Taco Kit 325G  MHD 13.09.2023",
            "ItemSalePrice": "2,00",
            "ItemUnit": "6,15€/kg",
            "local_image_path": "Lebensmittel/Internationales/fuegotacokit.jpg"
          },
          {
            "image_urls": [
              "https://www.edeka24.de/out/pictures/generated/product/1/224_224_90/gut_amp_gnstig_haselnusskerne_gemahlen.jpg"
            ],
            "ItemTitle": "Gut & Günstig Haselnusskerne naturbelassen & gemahlen 200G  MHD29.09.2023",
            "ItemSalePrice": "1,10",
            "ItemUnit": "5,50€/kg",
            "local_image_path": "Lebensmittel/Backen & Desserts/gut_amp_gnstig_haselnusskerne_gemahlen.jpg"
          },
          {
            "image_urls": [
              "https://www.edeka24.de/out/pictures/generated/product/1/224_224_90/reese039s_pieces_erdnussbuttercreme_mit_zuckeramp252berzug_185g.jpg"
            ],
            "ItemTitle": "Reese's Pieces 185G MHD 26.09.2023",
            "ItemSalePrice": "2,00",
            "ItemUnit": "10,81€/kg",
            "local_image_path": "Lebensmittel/Süß & Salzig/reese039s_pieces_erdnussbuttercreme_mit_zuckeramp252berzug_185g.jpg"
          },
          {
            "image_urls": [
              "https://www.edeka24.de/out/pictures/generated/product/1/224_224_90/casal-carcia-vinho-verde_750.jpg"
            ],
            "ItemTitle": "Casal Garcia Vinho Verde Weißwein 0,75L beschädigtes/verschmutztes Etikett",
            "ItemSalePrice": "4,79",
            "ItemUnit": "6,39€/l",
            "local_image_path": "Jetzt wird gerettet!/default_subcategory/casal-carcia-vinho-verde_750.jpg"
          },
          {
            "image_urls": [
              "https://www.edeka24.de/out/pictures/generated/product/1/224_224_90/demeter_voelkel_ingwersaft_02l.jpg"
            ],
            "ItemTitle": "Voelkel Demeter Ingwersaft 200ML verschmutztes Etikett",
            "ItemSalePrice": "1,80",
            "ItemUnit": "9,00€/l",
            "local_image_path": "Wein/ Spirituosen/Spirituosen/highland_park_18_jahre_single_malt_whisky.jpg"
          },
          {
            "image_urls": [
              "https://www.edeka24.de/out/pictures/generated/product/1/224_224_90/hengstenberg_13_kruteressig_750_ml.jpg"
            ],
            "ItemTitle": "Hengstenberg 13 Kräuter-Essig 750ML verschmutztes Etikett",
            "ItemSalePrice": "1,00",
            "ItemUnit": "1,33€/l",
            "local_image_path": "Lebensmittel/Würzmittel & Brühen/hengstenberg_13_kruteressig_750_ml.jpg"
          },
          {
            "image_urls": [
              "https://www.edeka24.de/out/pictures/generated/product/1/224_224_90/maggi_gemamp252se_bramp252he_famp252r_8l_160g.jpg"
            ],
            "ItemTitle": "Maggi Gemüse Brühe für 8L 168G MHD 09.2023",
            "ItemSalePrice": "1,10",
            "ItemUnit": "6,55€/kg",
            "local_image_path": "Lebensmittel/Würzmittel & Brühen/maggi_gemamp252se_bramp252he_famp252r_8l_160g.jpg"
          },
          {
            "image_urls": [
              "https://www.edeka24.de/out/pictures/generated/product/1/224_224_90/pets_unlimited_kaustick_mit_ente_medium_4st_100g.jpg"
            ],
            "ItemTitle": "Pets Unlimited Chewy Stick With Duck 100G  MHD 19.09.2023",
            "ItemSalePrice": "1,60",
            "ItemUnit": "16,00€/kg",
            "local_image_path": "Jetzt wird gerettet!/default_subcategory/pets_unlimited_kaustick_mit_ente_medium_4st_100g.jpg"
          },
          {
            "image_urls": [
              "https://www.edeka24.de/out/pictures/generated/product/1/224_224_90/bio_alnatura_amaranth_500g.jpg"
            ],
            "ItemTitle": "Alnatura Bio Amaranth 500G MHD 11.09.2023",
            "ItemSalePrice": "1,60",
            "ItemUnit": "3,20€/kg",
            "local_image_path": "Jetzt wird gerettet!/default_subcategory/bio_alnatura_amaranth_500g.jpg"
          },
          {
            "image_urls": [
              "https://www.edeka24.de/out/pictures/generated/product/1/224_224_90/4316734081014_miyakoseeal.sushinori10st25g.jpg"
            ],
            "ItemTitle": "Miyako Nori-Seealgen geröstet 10ST 25G  MHD 17.09.2023",
            "ItemSalePrice": "2,00",
            "ItemUnit": "80,00€/kg",
            "local_image_path": "Lebensmittel/Internationales/4316734081014_miyakoseeal.sushinori10st25g.jpg"
          },
          {
            "image_urls": [
              "https://www.edeka24.de/out/pictures/generated/product/1/224_224_90/famp220rst_uranov_wodka_375_01l.jpg"
            ],
            "ItemTitle": "Fürst Uranov Wodka 0,1L beschädigtes/verschmutztes Etikett",
            "ItemSalePrice": "0,89",
            "ItemUnit": "8,90€/l",
            "local_image_path": "Jetzt wird gerettet!/default_subcategory/famp220rst_uranov_wodka_375_01l.jpg"
          },
          {
            "image_urls": [
              "https://www.edeka24.de/out/pictures/generated/product/1/224_224_90/maggi_idee_fr_tomaten_bolognese_50_g.jpg"
            ],
            "ItemTitle": "Maggi Idee für Tomaten Bolognese 50G   MHD 09.2023",
            "ItemSalePrice": "0,60",
            "ItemUnit": "12,00€/kg",
            "local_image_path": "Jetzt wird gerettet!/default_subcategory/maggi_idee_fr_tomaten_bolognese_50_g.jpg"
          },
          {
            "image_urls": [
              "https://www.edeka24.de/out/pictures/generated/product/1/224_224_90/seeberger_milde_pinienkerne_150g.jpg"
            ],
            "ItemTitle": "Seeberger Milde Pinienkerne 150G  MHD 09.2023",
            "ItemSalePrice": "7,00",
            "ItemUnit": "46,67€/kg",
            "local_image_path": "Jetzt wird gerettet!/default_subcategory/seeberger_milde_pinienkerne_150g.jpg"
          },
          {
            "image_urls": [
              "https://www.edeka24.de/out/pictures/generated/product/1/224_224_90/bsspdarkchoc.jpg"
            ],
            "ItemTitle": "Power System Protein Bar Snack Power Dark Chocolate Geschmack 35% Eiweiss 45G   MHD 10.2023",
            "ItemSalePrice": "1,10",
            "ItemUnit": "24,44€/kg",
            "local_image_path": "Jetzt wird gerettet!/default_subcategory/bsspdarkchoc.jpg"
          },
          {
            "image_urls": [
              "https://www.edeka24.de/out/pictures/generated/product/1/224_224_90/alnatura_bio_haselnsse_gemahlen_150g.jpg"
            ],
            "ItemTitle": "Alnatura Bio Haselnüsse gemahlen 150G MHD 21.09.2023",
            "ItemSalePrice": "1,70",
            "ItemUnit": "11,33€/kg",
            "local_image_path": "Bio-Produkte/Lebensmittel von Alnatura/alnatura_bio_haselnsse_gemahlen_150g.jpg"
          },
          {
            "image_urls": [
              "https://www.edeka24.de/out/pictures/generated/product/1/224_224_90/maggi_idee_fr_champignonrahm_hhnchen_36_g.jpg"
            ],
            "ItemTitle": "Maggi Champignon-Rahm Hähnchen 36G MHD 09.2023",
            "ItemSalePrice": "0,60",
            "ItemUnit": "16,67€/kg",
            "local_image_path": "Jetzt wird gerettet!/default_subcategory/maggi_idee_fr_champignonrahm_hhnchen_36_g.jpg"
          },
          {
            "image_urls": [
              "https://www.edeka24.de/out/pictures/generated/product/1/224_224_90/edeka_haselnusskerne_gemahlen_200_g.jpg"
            ],
            "ItemTitle": "EDEKA Haselnusskerne naturbelassen, fein gemahlen 200G  MHD 25.09.2023",
            "ItemSalePrice": "1,30",
            "ItemUnit": "6,50€/kg",
            "local_image_path": "Lebensmittel/Backen & Desserts/edeka_haselnusskerne_gemahlen_200_g.jpg"
          },
          {
            "image_urls": [
              "https://www.edeka24.de/out/pictures/generated/product/1/224_224_90/kelloggspoptartsfrostchoc.jpg"
            ],
            "ItemTitle": "Kellogg's Pop Tarts Frosted Chocotastic 384G  MHD 14.09.2023",
            "ItemSalePrice": "3,00",
            "ItemUnit": "7,81€/kg",
            "local_image_path": "Jetzt wird gerettet!/default_subcategory/kelloggspoptartsfrostchoc.jpg"
          },
          {
            "image_urls": [
              "https://www.edeka24.de/out/pictures/generated/product/1/224_224_90/biovegan_ramp252hreiersatz_50g.jpg"
            ],
            "ItemTitle": "Biovegan Rührei-Ersatz 50G MHD 30.09.2023",
            "ItemSalePrice": "1,10",
            "ItemUnit": "22,00€/kg",
            "local_image_path": "Jetzt wird gerettet!/default_subcategory/biovegan_ramp252hreiersatz_50g.jpg"
          }
        ]
      }
    ]
  },
  {
    "CategoryTitle": "Fürs Büro",
    "Subcategories": [
      {
        "subcategoryTitle": "default_subcategory",
        "productItems": [
          {
            "image_urls": [
              "https://www.edeka24.de/out/pictures/generated/product/1/224_224_90/weihenstephan_haltbare_milch_35_fett.jpg"
            ],
            "ItemTitle": "Weihenstephan haltbare Milch 3,5% 1L",
            "ItemPrice": "1,69€",
            "ItemUnit": "1,69€/l",
            "local_image_path": "Lebensmittel/Kaffee & Tee/weihenstephan_haltbare_milch_35_fett.jpg"
          },
          {
            "image_urls": [
              "https://www.edeka24.de/out/pictures/generated/product/1/224_224_90/weihmilch15.jpg"
            ],
            "ItemTitle": "Weihenstephan haltbare Milch 1,5% 1L",
            "ItemPrice": "1,59€",
            "ItemUnit": "1,59€/l",
            "local_image_path": "Lebensmittel/Kaffee & Tee/weihmilch15.jpg"
          },
          {
            "image_urls": [
              "https://www.edeka24.de/out/pictures/generated/product/1/224_224_90/weihhalpenmilch_011l.jpg"
            ],
            "ItemTitle": "Weihenstephan Haltbare Milch 0,1% Fett 1L",
            "ItemPrice": "1,59€",
            "ItemUnit": "1,59€/l",
            "local_image_path": "Lebensmittel/Kaffee & Tee/weihhalpenmilch_011l.jpg"
          },
          {
            "image_urls": [
              "https://www.edeka24.de/out/pictures/generated/product/1/224_224_90/weihenstephan_haltbare_barista_milch_1l.jpg"
            ],
            "ItemTitle": "Weihenstephan Barista Milch 1L",
            "ItemPrice": "2,19€",
            "ItemUnit": "2,19€/l",
            "local_image_path": "Lebensmittel/Kaffee & Tee/weihenstephan_haltbare_barista_milch_1l.jpg"
          },
          {
            "image_urls": [
              "https://www.edeka24.de/out/pictures/generated/product/1/224_224_90/vitrex_mineralwasser_sanft_perlend_05l_dpg.jpg"
            ],
            "ItemTitle": "Vitrex Mineralwasser sanft perlend 6x 0,5L",
            "ItemPrice": "1,89€",
            "ItemUnit": "0,63€/lzzgl.1,50€Pfand",
            "local_image_path": "Lebensmittel/Getränke/vitrex_mineralwasser_sanft_perlend_05l_dpg.jpg"
          },
          {
            "image_urls": [
              "https://www.edeka24.de/out/pictures/generated/product/1/224_224_90/vitrex_mineralwasser_naturelle_pet_6x_05_ltr.jpg"
            ],
            "ItemTitle": "Vitrex Mineralwasser Naturelle 6x 0,5L",
            "ItemPrice": "1,89€",
            "ItemUnit": "0,63€/lzzgl.1,50€Pfand",
            "local_image_path": "Lebensmittel/Getränke/vitrex_mineralwasser_naturelle_pet_6x_05_ltr.jpg"
          },
          {
            "image_urls": [
              "https://www.edeka24.de/out/pictures/generated/product/1/224_224_90/vitrex_classic_05l_dpg.jpg"
            ],
            "ItemTitle": "Vitrex Mineralwasser Classic 6x 0,5L",
            "ItemPrice": "1,89€",
            "ItemUnit": "0,63€/lzzgl.1,50€Pfand",
            "local_image_path": "Lebensmittel/Getränke/vitrex_classic_05l_dpg.jpg"
          },
          {
            "image_urls": [
              "https://www.edeka24.de/out/pictures/generated/product/1/224_224_90/tempo_taschentcher_classic_30x_10_stck.jpg"
            ],
            "ItemTitle": "Tempo Taschentücher Classic 30x 10ST",
            "ItemPrice": "3,99€",
            "ItemUnit": "",
            "local_image_path": "Fürs Büro/default_subcategory/tempo_taschentcher_classic_30x_10_stck.jpg"
          },
          {
            "image_urls": [
              "https://www.edeka24.de/out/pictures/generated/product/1/224_224_90/teekannemint.jpg"
            ],
            "ItemTitle": "Teekanne Minze 20ST 45G",
            "ItemPrice": "2,19€",
            "ItemUnit": "48,67€/kg",
            "local_image_path": "Lebensmittel/Kaffee & Tee/teekannemint.jpg"
          },
          {
            "image_urls": [
              "https://www.edeka24.de/out/pictures/generated/product/1/224_224_90/teekannefrootmischung.jpg"
            ],
            "ItemTitle": "Teekanne Früchte-Mischung 20ST 60G",
            "ItemPrice": "2,19€",
            "ItemUnit": "36,50€/kg",
            "local_image_path": "Fürs Büro/default_subcategory/teekannefrootmischung.jpg"
          },
          {
            "image_urls": [
              "https://www.edeka24.de/out/pictures/generated/product/1/224_224_90/teekanneabfall.jpg"
            ],
            "ItemTitle": "Teekanne Apfel 20ST 60G",
            "ItemPrice": "2,19€",
            "ItemUnit": "36,50€/kg",
            "local_image_path": "Lebensmittel/Kaffee & Tee/teekanneabfall.jpg"
          },
          {
            "image_urls": [
              "https://www.edeka24.de/out/pictures/generated/product/1/224_224_90/sdzucker_wrfelzucker_vorratspackung_1_kg.jpg"
            ],
            "ItemTitle": "Südzucker Würfelzucker 1KG",
            "ItemPrice": "1,79€",
            "ItemUnit": "1,79€/kg",
            "local_image_path": "Lebensmittel/Backen & Desserts/sdzucker_wrfelzucker_vorratspackung_1_kg.jpg"
          },
          {
            "image_urls": [
              "https://www.edeka24.de/out/pictures/generated/product/1/224_224_90/senseostrong.jpg"
            ],
            "ItemTitle": "Senseo Kaffeepads strong 16ST 111G",
            "ItemPrice": "3,29€",
            "ItemUnit": "29,64€/kg",
            "local_image_path": "Lebensmittel/Kaffee & Tee/senseostrong.jpg"
          },
          {
            "image_urls": [
              "https://www.edeka24.de/out/pictures/generated/product/1/224_224_90/senseomild16.jpg"
            ],
            "ItemTitle": "Senseo Kaffeepads mild 16ST 111G",
            "ItemPrice": "3,29€",
            "ItemUnit": "29,64€/kg",
            "local_image_path": "Lebensmittel/Kaffee & Tee/senseomild16.jpg"
          },
          {
            "image_urls": [
              "https://www.edeka24.de/out/pictures/generated/product/1/224_224_90/senseodecaf16.jpg"
            ],
            "ItemTitle": "Senseo Kaffeepads entkoffeiniert 16ST 111G",
            "ItemPrice": "3,29€",
            "ItemUnit": "29,64€/kg",
            "local_image_path": "Lebensmittel/Kaffee & Tee/senseodecaf16.jpg"
          },
          {
            "image_urls": [
              "https://www.edeka24.de/out/pictures/generated/product/1/224_224_90/senseoclassic16.jpg"
            ],
            "ItemTitle": "Senseo Kaffeepads classic 16ST 111G",
            "ItemPrice": "3,29€",
            "ItemUnit": "29,64€/kg",
            "local_image_path": "Lebensmittel/Kaffee & Tee/senseoclassic16.jpg"
          },
          {
            "image_urls": [
              "https://www.edeka24.de/out/pictures/generated/product/1/224_224_90/senseocapcara.jpg"
            ],
            "ItemTitle": "Senseo Kaffeepads Cappuccino Caramel 8ST 92G",
            "ItemPrice": "3,29€",
            "ItemUnit": "35,76€/kg",
            "local_image_path": "Lebensmittel/Kaffee & Tee/senseocapcara.jpg"
          },
          {
            "image_urls": [
              "https://www.edeka24.de/out/pictures/generated/product/1/224_224_90/schweitzschmlihellerstbohne.jpg"
            ],
            "ItemTitle": "Schweitzers Schüümli Helle Röstung Bohnen 500G",
            "ItemPrice": "7,69€",
            "ItemUnit": "15,38€/kg",
            "local_image_path": "Lebensmittel/Kaffee & Tee/schweitzschmlihellerstbohne.jpg"
          },
          {
            "image_urls": [
              "https://www.edeka24.de/out/pictures/generated/product/1/224_224_90/schweitzschmlicremabohne.jpg"
            ],
            "ItemTitle": "Schweitzers Schüümli Crema Bohnen 1KG",
            "ItemPrice": "16,99€",
            "ItemUnit": "16,99€/kg",
            "local_image_path": "Lebensmittel/Kaffee & Tee/schweitzschmlicremabohne.jpg"
          },
          {
            "image_urls": [
              "https://www.edeka24.de/out/pictures/generated/product/1/224_224_90/red_bull_energy_drink_sugarfree_4x250ml.jpg"
            ],
            "ItemTitle": "Red Bull Energy Drink Sugarfree 4x 250ML",
            "ItemPrice": "5,49€",
            "ItemUnit": "5,49€/lzzgl.1,00€Pfand",
            "local_image_path": "Lebensmittel/Getränke/red_bull_energy_drink_sugarfree_4x250ml.jpg"
          },
          {
            "image_urls": [
              "https://www.edeka24.de/out/pictures/generated/product/1/224_224_90/red_bull_4x025l_dose.jpg"
            ],
            "ItemTitle": "Red Bull Energy Drink 4x 250ML",
            "ItemPrice": "5,49€",
            "ItemUnit": "5,49€/lzzgl.1,00€Pfand",
            "local_image_path": "Lebensmittel/Getränke/red_bull_4x025l_dose.jpg"
          },
          {
            "image_urls": [
              "https://www.edeka24.de/out/pictures/generated/product/1/224_224_90/dallprodkaps.jpg"
            ],
            "ItemTitle": "Nescafé Dolce Gusto Dallmayr Prodomo Kapseln 16ST 112G",
            "ItemPrice": "5,79€",
            "ItemUnit": "51,70€/kg",
            "local_image_path": "Lebensmittel/Kaffee & Tee/dallprodkaps.jpg"
          },
          {
            "image_urls": [
              "https://www.edeka24.de/out/pictures/generated/product/1/224_224_90/mvenpick_der_himmlische_kaffee_gemahlen_500g.jpg"
            ],
            "ItemTitle": "Mövenpick Der Himmlische Kaffee gemahlen 500G",
            "ItemPrice": "7,79€",
            "ItemUnit": "15,58€/kg",
            "local_image_path": "Lebensmittel/Kaffee & Tee/mvenpick_der_himmlische_kaffee_gemahlen_500g.jpg"
          },
          {
            "image_urls": [
              "https://www.edeka24.de/out/pictures/generated/product/1/224_224_90/mvenpick_caf_crema_bohnen_1000g.jpg"
            ],
            "ItemTitle": "Mövenpick Café Crema Bohnen 1KG",
            "ItemPrice": "16,99€",
            "ItemUnit": "16,99€/kg",
            "local_image_path": "Lebensmittel/Kaffee & Tee/mvenpick_caf_crema_bohnen_1000g.jpg"
          },
          {
            "image_urls": [
              "https://www.edeka24.de/out/pictures/generated/product/1/224_224_90/mot_amp_chandon_champagner_brut_imperial_075l.jpg"
            ],
            "ItemTitle": "Moët & Chandon Champagner Brut Imperial 0,75L",
            "ItemPrice": "44,99€",
            "ItemUnit": "59,99€/l",
            "local_image_path": "Fürs Büro/default_subcategory/mot_amp_chandon_champagner_brut_imperial_075l.jpg"
          },
          {
            "image_urls": [
              "https://www.edeka24.de/out/pictures/generated/product/1/224_224_90/minus_l_kaffeesahne_laktosefrei_portioniert.jpg"
            ],
            "ItemTitle": "Minus L Kaffeesahne portioniert laktosefrei 10x 10 g",
            "ItemPrice": "1,69€",
            "ItemUnit": "16,90€/kg",
            "local_image_path": "Fürs Büro/default_subcategory/minus_l_kaffeesahne_laktosefrei_portioniert.jpg"
          },
          {
            "image_urls": [
              "https://www.edeka24.de/out/pictures/generated/product/1/224_224_90/memer_tee_pfefferminze_klein_25x_225_g.jpg"
            ],
            "ItemTitle": "Meßmer Tee Pfefferminze klein 25ST 56,25G",
            "ItemPrice": "2,25€",
            "ItemUnit": "40,04€/kg",
            "local_image_path": "Lebensmittel/Kaffee & Tee/memer_tee_pfefferminze_klein_25x_225_g.jpg"
          },
          {
            "image_urls": [
              "https://www.edeka24.de/out/pictures/generated/product/1/224_224_90/memer_tee_kamille_25st_375g.jpg"
            ],
            "ItemTitle": "Meßmer Tee Kamille 25ST 37,5G",
            "ItemPrice": "2,25€",
            "ItemUnit": "60,00€/kg",
            "local_image_path": "Lebensmittel/Kaffee & Tee/memer_tee_kamille_25st_375g.jpg"
          },
          {
            "image_urls": [
              "https://www.edeka24.de/out/pictures/generated/product/1/224_224_90/memer_tee_frchtemischung_25x_3_g.jpg"
            ],
            "ItemTitle": "Meßmer Tee Früchte-Mischung 25ST 75G",
            "ItemPrice": "2,25€",
            "ItemUnit": "30,00€/kg",
            "local_image_path": "Lebensmittel/Kaffee & Tee/memer_tee_frchtemischung_25x_3_g.jpg"
          },
          {
            "image_urls": [
              "https://www.edeka24.de/out/pictures/generated/product/1/224_224_90/memer_tee_feinster_earl_grey_25x_175_g.jpg"
            ],
            "ItemTitle": "Meßmer Tee Earl Grey 25ST 43,8G",
            "ItemPrice": "2,25€",
            "ItemUnit": "51,37€/kg",
            "local_image_path": "Fürs Büro/default_subcategory/memer_tee_feinster_earl_grey_25x_175_g.jpg"
          }
        ]
      }
    ]
  },
  {
    "CategoryTitle": "Freizeit/Garten",
    "Subcategories": [
      {
        "subcategoryTitle": "default_subcategory",
        "productItems": [
          {
            "image_urls": [
              "https://www.edeka24.de/out/pictures/generated/product/1/224_224_90/18191-hollywoodschaukel-descanso-beige-02.jpg"
            ],
            "ItemTitle": "Home Deluxe Hollywoodschaukel DESCANSO beige",
            "ItemPrice": "425,00€",
            "ItemUnit": "",
            "local_image_path": "Freizeit/Garten/default_subcategory/18191-hollywoodschaukel-descanso-beige-02.jpg"
          },
          {
            "image_urls": [
              "https://www.edeka24.de/out/pictures/generated/product/1/224_224_90/home_deluxe_hollywoodschaukel_descanso_grau.jpg"
            ],
            "ItemTitle": "Home Deluxe Hollywoodschaukel DESCANSO grau",
            "ItemPrice": "425,00€",
            "ItemUnit": "",
            "local_image_path": "Freizeit/Garten/default_subcategory/home_deluxe_hollywoodschaukel_descanso_grau.jpg"
          },
          {
            "image_urls": [
              "https://www.edeka24.de/out/pictures/generated/product/1/224_224_90/home_deluxe_pavillongartenliege_provence.jpg"
            ],
            "ItemTitle": "Home Deluxe Pavillon-Gartenliege PROVENCE",
            "ItemPrice": "849,00€",
            "ItemUnit": "",
            "local_image_path": "Freizeit/Garten/default_subcategory/home_deluxe_pavillongartenliege_provence.jpg"
          },
          {
            "image_urls": [
              "https://www.edeka24.de/out/pictures/generated/product/1/224_224_90/6847-polyrattan-hngesessel-cielo-01.jpg"
            ],
            "ItemTitle": "Home Deluxe Polyrattan Hängesessel CIELO",
            "ItemPrice": "349,00€",
            "ItemUnit": "",
            "local_image_path": "Freizeit/Garten/default_subcategory/6847-polyrattan-hngesessel-cielo-01.jpg"
          },
          {
            "image_urls": [
              "https://www.edeka24.de/out/pictures/generated/product/1/224_224_90/6596-polyrattan-hngesessel-twin-braun-01.jpg"
            ],
            "ItemTitle": "Home Deluxe Polyrattan Hängesessel TWIN braun",
            "ItemPrice": "579,00€",
            "ItemUnit": "",
            "local_image_path": "Freizeit/Garten/default_subcategory/6596-polyrattan-hngesessel-twin-braun-01.jpg"
          },
          {
            "image_urls": [
              "https://www.edeka24.de/out/pictures/generated/product/1/224_224_90/6595-polyrattan-hngesessel-twin-grau-01.jpg"
            ],
            "ItemTitle": "Home Deluxe Polyrattan Hängesessel TWIN grau",
            "ItemPrice": "579,00€",
            "ItemUnit": "",
            "local_image_path": "Freizeit/Garten/default_subcategory/6595-polyrattan-hngesessel-twin-grau-01.jpg"
          }
        ]
      }
    ]
  },
  {
    "CategoryTitle": "Drogerie",
    "Subcategories": [
      {
        "subcategoryTitle": "Erkältung",
        "productItems": [
          {
            "image_urls": [
              "https://www.edeka24.de/out/pictures/generated/product/1/224_224_90/edeka_elkos_vivede_heiamp223e_zitrone_sticks_20st_100g.jpg"
            ],
            "ItemTitle": "elkos VIVEDE Heiße Zitrone Sticks 20ST 100G",
            "ItemPrice": "1,89€",
            "ItemUnit": "18,90€/kg",
            "local_image_path": "Drogerie/Körperpflege/edeka_elkos_vivede_heiamp223e_zitrone_sticks_20st_100g.jpg"
          },
          {
            "image_urls": [
              "https://www.edeka24.de/out/pictures/generated/product/1/224_224_90/edeka_elkos_vivede_heiamp223er_holunder_sticks_18st.jpg"
            ],
            "ItemTitle": "elkos Vivede Heißer Holunder Sticks 18ST 108G",
            "ItemPrice": "1,89€",
            "ItemUnit": "17,50€/kg",
            "local_image_path": "Drogerie/Körperpflege/edeka_elkos_vivede_heiamp223er_holunder_sticks_18st.jpg"
          },
          {
            "image_urls": [
              "https://www.edeka24.de/out/pictures/generated/product/1/224_224_90/edeka_elkos_vivede_meerwasser_schnupfenspray_20ml.jpg"
            ],
            "ItemTitle": "elkos Vivede Meerwasser Schnupfenspray 20ML",
            "ItemPrice": "1,89€",
            "ItemUnit": "94,50€/l",
            "local_image_path": "Drogerie/Körperpflege/edeka_elkos_vivede_meerwasser_schnupfenspray_20ml.jpg"
          },
          {
            "image_urls": [
              "https://www.edeka24.de/out/pictures/generated/product/1/224_224_90/edeka_elkos_vivede_magen_und_darmtee_20st_40g.jpg"
            ],
            "ItemTitle": "elkos VIVEDE Magen- & Darmtee 20ST 40G",
            "ItemPrice": "1,39€",
            "ItemUnit": "34,75€/kg",
            "local_image_path": "Drogerie/Erkältung/edeka_elkos_vivede_magen_und_darmtee_20st_40g.jpg"
          },
          {
            "image_urls": [
              "https://www.edeka24.de/out/pictures/generated/product/1/224_224_90/edeka_elkos_vivede_erkamp228ltungstee_20st_40g.jpg"
            ],
            "ItemTitle": "elkos VIVEDE Erkältungstee 20ST 40G",
            "ItemPrice": "1,39€",
            "ItemUnit": "34,75€/kg",
            "local_image_path": "Lebensmittel/Kaffee & Tee/edeka_elkos_vivede_erkamp228ltungstee_20st_40g.jpg"
          },
          {
            "image_urls": [
              "https://www.edeka24.de/out/pictures/generated/product/1/224_224_90/edeka_elkos_vivede_japanisches_heilamp246l_30ml.jpg"
            ],
            "ItemTitle": "elkos Vivede Japanisches Heilöl 30ML",
            "ItemPrice": "2,29€",
            "ItemUnit": "76,33€/l",
            "local_image_path": "Drogerie/Erkältung/edeka_elkos_vivede_japanisches_heilamp246l_30ml.jpg"
          },
          {
            "image_urls": [
              "https://www.edeka24.de/out/pictures/generated/product/1/224_224_90/edeka_elkos_vivede_hustenund_bronchialtee_20st_40g.jpg"
            ],
            "ItemTitle": "elkos VIVEDE Husten- & Bronchialtee 20ST 40G",
            "ItemPrice": "1,39€",
            "ItemUnit": "34,75€/kg",
            "local_image_path": "Lebensmittel/Kaffee & Tee/edeka_elkos_vivede_hustenund_bronchialtee_20st_40g.jpg"
          },
          {
            "image_urls": [
              "https://www.edeka24.de/out/pictures/generated/product/1/224_224_90/knufinkejapan_500_z1.jpg"
            ],
            "ItemTitle": "Klosterfrau Japanisches Heilpflanzenöl 100% Minze 10ML",
            "ItemPrice": "3,79€",
            "ItemUnit": "379,00€/l",
            "local_image_path": "Drogerie/Erkältung/knufinkejapan_500_z1.jpg"
          },
          {
            "image_urls": [
              "https://www.edeka24.de/out/pictures/generated/product/1/224_224_90/tetesept_meerwasser_nasenspray_care_20ml.jpg"
            ],
            "ItemTitle": "Tetesept Meerwasser Nasenspray Care 20ML",
            "ItemPrice": "3,49€",
            "ItemUnit": "174,50€/l",
            "local_image_path": "Drogerie/Erkältung/tetesept_meerwasser_nasenspray_care_20ml.jpg"
          },
          {
            "image_urls": [
              "https://www.edeka24.de/out/pictures/generated/product/1/224_224_90/tiger_balm_weiss_194g.jpg"
            ],
            "ItemTitle": "Tiger Balm weiss 19,4G",
            "ItemPrice": "8,49€",
            "ItemUnit": "437,63€/kg",
            "local_image_path": "Drogerie/Erkältung/tiger_balm_weiss_194g.jpg"
          }
        ]
      }
    ]
  },
  {
    "CategoryTitle": "Drogerie",
    "Subcategories": [
      {
        "subcategoryTitle": "Raucherbedarf",
        "productItems": [
          {
            "image_urls": [
              "https://www.edeka24.de/out/pictures/generated/product/1/224_224_90/gutampampgamp220nstig_elektronikfeuerzeuge_3st.jpg"
            ],
            "ItemTitle": "Gut & Günstig Elektronikfeuerzeuge 3ST",
            "ItemPrice": "0,89€",
            "ItemUnit": "0,30€/st",
            "local_image_path": "Drogerie/Haushalt/gutampampgamp220nstig_elektronikfeuerzeuge_3st.jpg"
          },
          {
            "image_urls": [
              "https://www.edeka24.de/out/pictures/generated/product/1/224_224_90/bic_j26_maxi_feuerzeug_kindergesichert_sortiert_2st.jpg"
            ],
            "ItemTitle": "BIC J26 Maxi Feuerzeug kindergesichert sortiert 2ST",
            "ItemPrice": "2,79€",
            "ItemUnit": "1,40€/st",
            "local_image_path": "Drogerie/Haushalt/bic_j26_maxi_feuerzeug_kindergesichert_sortiert_2st.jpg"
          },
          {
            "image_urls": [
              "https://www.edeka24.de/out/pictures/generated/product/1/224_224_90/gutgnstigstabfeuerzeug.jpg"
            ],
            "ItemTitle": "Gut & Günstig Stabfeuerzeug 1ST",
            "ItemPrice": "1,69€",
            "ItemUnit": "1,69€/st",
            "local_image_path": "Drogerie/Haushalt/gutgnstigstabfeuerzeug.jpg"
          },
          {
            "image_urls": [
              "https://www.edeka24.de/out/pictures/generated/product/1/224_224_90/tomeb-15.jpg"
            ],
            "ItemTitle": "Tom EB-15 Elektronik-Feuerzeug Eco 1ST",
            "ItemPrice": "0,69€",
            "ItemUnit": "0,69€/st",
            "local_image_path": "Drogerie/Haushalt/tomeb-15.jpg"
          },
          {
            "image_urls": [
              "https://www.edeka24.de/out/pictures/generated/product/1/224_224_90/tomreibrad-feuerzeug.jpg"
            ],
            "ItemTitle": "Tom Feuerzeug 1ST",
            "ItemPrice": "0,79€",
            "ItemUnit": "0,79€/st",
            "local_image_path": "Drogerie/Raucherbedarf/tomreibrad-feuerzeug.jpg"
          }
        ]
      }
    ]
  },
  {
    "CategoryTitle": "Drogerie",
    "Subcategories": [
      {
        "subcategoryTitle": "Nahrungsergänzungsmittel",
        "productItems": [
          {
            "image_urls": [
              "https://www.edeka24.de/out/pictures/generated/product/1/224_224_90/ehrmann_high_protein_drink_pistacia_250ml.jpg"
            ],
            "ItemTitle": "Ehrmann High Protein Drink Pistacia 250ML",
            "ItemPrice": "1,59€",
            "ItemUnit": "6,36€/l",
            "local_image_path": "Drogerie/Nahrungsergänzungsmittel/ehrmann_high_protein_drink_pistacia_250ml.jpg"
          },
          {
            "image_urls": [
              "https://www.edeka24.de/out/pictures/generated/product/1/224_224_90/ehrmann_high_protein_shot_schoko_250ml.jpg"
            ],
            "ItemTitle": "Ehrmann High Protein Chocolate Drink 250ML",
            "ItemPrice": "1,59€",
            "ItemUnit": "6,36€/l",
            "local_image_path": "Drogerie/Nahrungsergänzungsmittel/ehrmann_high_protein_shot_schoko_250ml.jpg"
          },
          {
            "image_urls": [
              "https://www.edeka24.de/out/pictures/generated/product/1/224_224_90/edeka_elkos_vivede_magnesium_brausetabletten_17st_102g.jpg"
            ],
            "ItemTitle": "elkos VIVEDE Magnesium Brausetabletten 17ST 102G",
            "ItemPrice": "0,69€",
            "ItemUnit": "6,76€/kg",
            "local_image_path": "Drogerie/Nahrungsergänzungsmittel/edeka_elkos_vivede_magnesium_brausetabletten_17st_102g.jpg"
          },
          {
            "image_urls": [
              "https://www.edeka24.de/out/pictures/generated/product/1/224_224_90/psprotshakecrevan.jpg"
            ],
            "ItemTitle": "Power System High Protein Drink Vanille Geschmack 310ML",
            "ItemPrice": "2,29€",
            "ItemUnit": "7,39€/l",
            "local_image_path": "Drogerie/Nahrungsergänzungsmittel/psprotshakecrevan.jpg"
          },
          {
            "image_urls": [
              "https://www.edeka24.de/out/pictures/generated/product/1/224_224_90/yfood_smooth_vanilla_trinkmahlzeit_500ml.jpg"
            ],
            "ItemTitle": "yfood Smooth Vanilla Trinkmahlzeit 500ML",
            "ItemPrice": "4,29€",
            "ItemUnit": "8,58€/l",
            "local_image_path": "Drogerie/Nahrungsergänzungsmittel/yfood_smooth_vanilla_trinkmahlzeit_500ml.jpg"
          },
          {
            "image_urls": [
              "https://www.edeka24.de/out/pictures/generated/product/1/224_224_90/yfood_fresh_berry_trinkmahlzeit_500ml.jpg"
            ],
            "ItemTitle": "yfood Fresh Berry Trinkmahlzeit 500ML",
            "ItemPrice": "4,29€",
            "ItemUnit": "8,58€/l",
            "local_image_path": "Drogerie/Nahrungsergänzungsmittel/yfood_fresh_berry_trinkmahlzeit_500ml.jpg"
          },
          {
            "image_urls": [
              "https://www.edeka24.de/out/pictures/generated/product/1/224_224_90/yfood_alpine_chocolate_trinkmahlzeit_500ml.jpg"
            ],
            "ItemTitle": "yfood Classic Chocolate Trinkmahlzeit 500ML",
            "ItemPrice": "4,29€",
            "ItemUnit": "8,58€/l",
            "local_image_path": "Drogerie/Nahrungsergänzungsmittel/yfood_alpine_chocolate_trinkmahlzeit_500ml.jpg"
          },
          {
            "image_urls": [
              "https://www.edeka24.de/out/pictures/generated/product/1/224_224_90/yfood_cold_brew_coffee_trinkmahlzeit_500ml.jpg"
            ],
            "ItemTitle": "yfood Cold Brew Coffee Trinkmahlzeit 500ML",
            "ItemPrice": "4,29€",
            "ItemUnit": "8,58€/l",
            "local_image_path": "Drogerie/Nahrungsergänzungsmittel/yfood_cold_brew_coffee_trinkmahlzeit_500ml.jpg"
          },
          {
            "image_urls": [
              "https://www.edeka24.de/out/pictures/generated/product/1/224_224_90/ehrmann_high_protein_pudding_schoko_200g.jpg"
            ],
            "ItemTitle": "Ehrmann High Protein Pudding Schoko 200G",
            "ItemPrice": "1,59€",
            "ItemUnit": "7,95€/kg",
            "local_image_path": "Drogerie/Nahrungsergänzungsmittel/ehrmann_high_protein_pudding_schoko_200g.jpg"
          },
          {
            "image_urls": [
              "https://www.edeka24.de/out/pictures/generated/product/1/224_224_90/yfhappybanana.jpg"
            ],
            "ItemTitle": "yfood Happy Banana Trinkmahlzeit 500ML",
            "ItemPrice": "4,29€",
            "ItemUnit": "8,58€/l",
            "local_image_path": "Lebensmittel/Fertiggerichte/yfhappybanana.jpg"
          },
          {
            "image_urls": [
              "https://www.edeka24.de/out/pictures/generated/product/1/224_224_90/ehrmann_high_protein_shot_caffe_latte_250ml.jpg"
            ],
            "ItemTitle": "Ehrmann High Protein Caffé Latte 250ML",
            "ItemPrice": "1,59€",
            "ItemUnit": "6,36€/l",
            "local_image_path": "Drogerie/Nahrungsergänzungsmittel/ehrmann_high_protein_shot_caffe_latte_250ml.jpg"
          },
          {
            "image_urls": [
              "https://www.edeka24.de/out/pictures/generated/product/1/224_224_90/ehrmann_high_protein_pudding_vanille_200g.jpg"
            ],
            "ItemTitle": "Ehrmann High Protein Pudding Vanille 200G",
            "ItemPrice": "1,59€",
            "ItemUnit": "7,95€/kg",
            "local_image_path": "Drogerie/Nahrungsergänzungsmittel/ehrmann_high_protein_pudding_vanille_200g.jpg"
          },
          {
            "image_urls": [
              "https://www.edeka24.de/out/pictures/generated/product/1/224_224_90/ehrmannhigh_protein_pudding_hazelnut_200g.jpg"
            ],
            "ItemTitle": "Ehrmann High Protein Pudding Hazelnut 200G",
            "ItemPrice": "1,59€",
            "ItemUnit": "7,95€/kg",
            "local_image_path": "Drogerie/Nahrungsergänzungsmittel/ehrmannhigh_protein_pudding_hazelnut_200g.jpg"
          },
          {
            "image_urls": [
              "https://www.edeka24.de/out/pictures/generated/product/1/224_224_90/ehrmann_high_protein_pudding_karamell_200g.jpg"
            ],
            "ItemTitle": "Ehrmann High Protein Pudding Karamell 200G",
            "ItemPrice": "1,59€",
            "ItemUnit": "7,95€/kg",
            "local_image_path": "Drogerie/Nahrungsergänzungsmittel/ehrmann_high_protein_pudding_karamell_200g.jpg"
          },
          {
            "image_urls": [
              "https://www.edeka24.de/out/pictures/generated/product/1/224_224_90/yfcrazycoco.jpg"
            ],
            "ItemTitle": "yfood Crazy Coconut Trinkmahlzeit 500ML",
            "ItemPrice": "4,29€",
            "ItemUnit": "8,58€/l",
            "local_image_path": "Lebensmittel/Fertiggerichte/yfcrazycoco.jpg"
          },
          {
            "image_urls": [
              "https://www.edeka24.de/out/pictures/generated/product/1/224_224_90/layenbergerriegelschokobanane.jpg"
            ],
            "ItemTitle": "Layenberger LowCarb.one Protein-Riegel Schoko-Banane 35G",
            "ItemPrice": "1,59€",
            "ItemUnit": "45,43€/kg",
            "local_image_path": "Drogerie/Nahrungsergänzungsmittel/layenbergerriegelschokobanane.jpg"
          },
          {
            "image_urls": [
              "https://www.edeka24.de/out/pictures/generated/product/1/224_224_90/barebells_protein_bar_white_chocolate_almond_55g.jpg"
            ],
            "ItemTitle": "Barebells Protein Bar White Chocolate Almond 55G",
            "ItemPrice": "2,49€",
            "ItemUnit": "45,27€/kg",
            "local_image_path": "Drogerie/Nahrungsergänzungsmittel/barebells_protein_bar_white_chocolate_almond_55g.jpg"
          },
          {
            "image_urls": [
              "https://www.edeka24.de/out/pictures/generated/product/1/224_224_90/barebells_protein_bar_cookiesampampcream_55g.jpg"
            ],
            "ItemTitle": "Barebells Protein Bar Cookies & Cream 55G",
            "ItemPrice": "2,99€",
            "ItemUnit": "54,36€/kg",
            "local_image_path": "Drogerie/Nahrungsergänzungsmittel/barebells_protein_bar_cookiesampampcream_55g.jpg"
          },
          {
            "image_urls": [
              "https://www.edeka24.de/out/pictures/generated/product/1/224_224_90/bsspdarkchoc.jpg"
            ],
            "ItemTitle": "Power System Protein Bar Snack Power Dark Chocolate Geschmack 35% Eiweiss 45G   MHD 10.2023",
            "ItemSalePrice": "1,10€",
            "ItemUnit": "24,44€/kg",
            "local_image_path": "Jetzt wird gerettet!/default_subcategory/bsspdarkchoc.jpg"
          },
          {
            "image_urls": [
              "https://www.edeka24.de/out/pictures/generated/product/1/224_224_90/edeka_snack_balls_mit_mango_aprikose_kokosnuss_145g.jpg"
            ],
            "ItemTitle": "EDEKA Snack Balls mit Mango Aprikose Kokosnuss 145G",
            "ItemPrice": "2,79€",
            "ItemUnit": "19,24€/kg",
            "local_image_path": "Drogerie/Nahrungsergänzungsmittel/edeka_snack_balls_mit_mango_aprikose_kokosnuss_145g.jpg"
          },
          {
            "image_urls": [
              "https://www.edeka24.de/out/pictures/generated/product/1/224_224_90/slim_system_sedvital_vanille_500g.jpg"
            ],
            "ItemTitle": "Slim System Sed Vital Vanille 500G",
            "ItemPrice": "13,99€",
            "ItemUnit": "27,98€/kg",
            "local_image_path": "Drogerie/Nahrungsergänzungsmittel/slim_system_sedvital_vanille_500g.jpg"
          },
          {
            "image_urls": [
              "https://www.edeka24.de/out/pictures/generated/product/1/224_224_90/psbitepowerkokos.jpg"
            ],
            "ItemTitle": "Power System Bite Power Cocos Geschmack 32% Eiweiss 35G",
            "ItemPrice": "1,09€",
            "ItemUnit": "31,14€/kg",
            "local_image_path": "Drogerie/Nahrungsergänzungsmittel/psbitepowerkokos.jpg"
          },
          {
            "image_urls": [
              "https://www.edeka24.de/out/pictures/generated/product/1/224_224_90/psbcaa811.jpg"
            ],
            "ItemTitle": "Power System Professional Performance BCAA 8:1:1 120ST 139G",
            "ItemPrice": "15,99€",
            "ItemUnit": "115,04€/kg",
            "local_image_path": "Drogerie/Nahrungsergänzungsmittel/psbcaa811.jpg"
          },
          {
            "image_urls": [
              "https://www.edeka24.de/out/pictures/generated/product/1/224_224_90/almased_vitalkost.jpg"
            ],
            "ItemTitle": "Almased Vital-Pflanzen-Eiweisskost 500G",
            "ItemPrice": "19,99€",
            "ItemUnit": "39,98€/kg",
            "local_image_path": "Drogerie/Nahrungsergänzungsmittel/almased_vitalkost.jpg"
          },
          {
            "image_urls": [
              "https://www.edeka24.de/out/pictures/generated/product/1/224_224_90/ps5kprotshakeschokonougat.jpg"
            ],
            "ItemTitle": "Power System 5K Protein Shake Professional Eiweiss 90 Schoko-Nougat 360G",
            "ItemPrice": "13,99€",
            "ItemUnit": "38,86€/kg",
            "local_image_path": "Drogerie/Nahrungsergänzungsmittel/ps5kprotshakeschokonougat.jpg"
          }
        ]
      }
    ]
  },
  {
    "CategoryTitle": "Drogerie",
    "Subcategories": [
      {
        "subcategoryTitle": "Haushalt",
        "productItems": [
          {
            "image_urls": [
              "https://www.edeka24.de/out/pictures/generated/product/1/224_224_90/zewa_wischampampweg_original_4x45bl.jpg"
            ],
            "ItemTitle": "Zewa Wisch & Weg Küchentücher Original 4x 45 Blatt",
            "ItemPrice": "3,49€",
            "ItemUnit": "0,02€/st",
            "local_image_path": "Drogerie/Haushalt/zewa_wischampampweg_original_4x45bl.jpg"
          },
          {
            "image_urls": [
              "https://www.edeka24.de/out/pictures/generated/product/1/224_224_90/edeka_kamp252chentamp252cher_extrasaugstark_tad_3lagig_2x70blatt.jpg"
            ],
            "ItemTitle": "EDEKA Küchentücher extra saugfähig 3lagig 2x 70 Blatt",
            "ItemPrice": "2,79€",
            "ItemUnit": "",
            "local_image_path": "Drogerie/Haushalt/edeka_kamp252chentamp252cher_extrasaugstark_tad_3lagig_2x70blatt.jpg"
          },
          {
            "image_urls": [
              "https://www.edeka24.de/out/pictures/generated/product/1/224_224_90/gut_amp_gnstig_tragegriff_mllbeutel_25_liter.jpg"
            ],
            "ItemTitle": "Gut & Günstig Tragegriff Müllbeutel 25L 30ST",
            "ItemPrice": "0,79€",
            "ItemUnit": "0,03€/st",
            "local_image_path": "Drogerie/Haushalt/gut_amp_gnstig_tragegriff_mllbeutel_25_liter.jpg"
          },
          {
            "image_urls": [
              "https://www.edeka24.de/out/pictures/generated/product/1/224_224_90/4311501407578_edekaduftmllbeutelmitzugband60l.jpg"
            ],
            "ItemTitle": "EDEKA Duft Müllbeutel mit Zugband 60L 10ST",
            "ItemPrice": "3,79€",
            "ItemUnit": "0,38€/st",
            "local_image_path": "Drogerie/Haushalt/4311501407578_edekaduftmllbeutelmitzugband60l.jpg"
          },
          {
            "image_urls": [
              "https://www.edeka24.de/out/pictures/generated/product/1/224_224_90/gut_amp_gnstig_antihaft_backpapier.jpg"
            ],
            "ItemTitle": "Gut & Günstig Backpapier Zuschnitte 30ST",
            "ItemPrice": "1,29€",
            "ItemUnit": "0,04€/st",
            "local_image_path": "Drogerie/Haushalt/gut_amp_gnstig_antihaft_backpapier.jpg"
          },
          {
            "image_urls": [
              "https://www.edeka24.de/out/pictures/generated/product/1/224_224_90/vileda_alufolie_10m.jpg"
            ],
            "ItemTitle": "Vileda Alufolie 10M 1ST",
            "ItemPrice": "2,49€",
            "ItemUnit": "2,49€/st",
            "local_image_path": "Drogerie/Haushalt/vileda_alufolie_10m.jpg"
          },
          {
            "image_urls": [
              "https://www.edeka24.de/out/pictures/generated/product/1/224_224_90/vileda_mamp252llbeutel_superzugband_20l_15st.jpg"
            ],
            "ItemTitle": "Vileda Müllbeutel Super+ 20L 15ST",
            "ItemPrice": "2,49€",
            "ItemUnit": "0,17€/st",
            "local_image_path": "Drogerie/Haushalt/vileda_mamp252llbeutel_superzugband_20l_15st.jpg"
          },
          {
            "image_urls": [
              "https://www.edeka24.de/out/pictures/generated/product/1/224_224_90/3f26237c3111432c50a978bbf1f235c0-4311536937774.jpg"
            ],
            "ItemTitle": "Edeka Servietten weiß 3-lagig 33cm x 33cm 30ST",
            "ItemPrice": "0,85€",
            "ItemUnit": "0,03€/st",
            "local_image_path": "Drogerie/Haushalt/3f26237c3111432c50a978bbf1f235c0-4311536937774.jpg"
          },
          {
            "image_urls": [
              "https://www.edeka24.de/out/pictures/generated/product/1/224_224_90/autan_family_care_mamp252ckenschutz_spray_100ml.jpg"
            ],
            "ItemTitle": "Autan Family Care Mückenschutz Spray 100ML",
            "ItemPrice": "6,99€",
            "ItemUnit": "69,90€/l",
            "local_image_path": "Drogerie/Haushalt/autan_family_care_mamp252ckenschutz_spray_100ml.jpg"
          },
          {
            "image_urls": [
              "https://www.edeka24.de/out/pictures/generated/product/1/224_224_90/ggserviettenweinrot.jpg"
            ],
            "ItemTitle": "EDEKA Servietten rot 3-lagig 33cm x 33cm 30ST",
            "ItemPrice": "0,85€",
            "ItemUnit": "0,03€/st",
            "local_image_path": "Drogerie/Haushalt/ggserviettenweinrot.jpg"
          },
          {
            "image_urls": [
              "https://www.edeka24.de/out/pictures/generated/product/1/224_224_90/3f26237c3111432c50a978bbf1f235c0-4311536937651.jpg"
            ],
            "ItemTitle": "EDEKA Servietten dunkelblau 3-lagig 33cm x 33cm 30ST",
            "ItemPrice": "0,85€",
            "ItemUnit": "0,03€/st",
            "local_image_path": "Drogerie/Haushalt/3f26237c3111432c50a978bbf1f235c0-4311536937651.jpg"
          },
          {
            "image_urls": [
              "https://www.edeka24.de/out/pictures/generated/product/1/224_224_90/gut_amp_gnstig_prgeservietten_wei_1lagig.jpg"
            ],
            "ItemTitle": "Edeka Prägeservietten 1-lagig weiss 33cm x 33cm 100ST",
            "ItemPrice": "0,99€",
            "ItemUnit": "0,01€/st",
            "local_image_path": "Drogerie/Haushalt/gut_amp_gnstig_prgeservietten_wei_1lagig.jpg"
          },
          {
            "image_urls": [
              "https://www.edeka24.de/out/pictures/generated/product/1/224_224_90/edeka_zuhause_2in1_kamp252chenschwamm.jpg"
            ],
            "ItemTitle": "EDEKA zuhause 2in1 Küchenschwamm",
            "ItemPrice": "2,39€",
            "ItemUnit": "1,20€/st",
            "local_image_path": "Drogerie/Haushalt/edeka_zuhause_2in1_kamp252chenschwamm.jpg"
          },
          {
            "image_urls": [
              "https://www.edeka24.de/out/pictures/generated/product/1/224_224_90/ecosack_mamp252llbeutel_schwarz_120l_24st.jpg"
            ],
            "ItemTitle": "Ecosack Müllbeutel schwarz 120L 24ST",
            "ItemPrice": "5,29€",
            "ItemUnit": "0,22€/st",
            "local_image_path": "Drogerie/Haushalt/ecosack_mamp252llbeutel_schwarz_120l_24st.jpg"
          },
          {
            "image_urls": [
              "https://www.edeka24.de/out/pictures/generated/product/1/224_224_90/gutampampgamp220nstig_kleiderbamp252gel_10st.jpg"
            ],
            "ItemTitle": "Gut & Günstig Kleiderbügel 10 Stück",
            "ItemPrice": "5,19€",
            "ItemUnit": "0,52€/st",
            "local_image_path": "Drogerie/Haushalt/gutampampgamp220nstig_kleiderbamp252gel_10st.jpg"
          },
          {
            "image_urls": [
              "https://www.edeka24.de/out/pictures/generated/product/1/224_224_90/vileda_frischhaltefolie_25m.jpg"
            ],
            "ItemTitle": "Vileda Frischhaltefolie 25M 1ST",
            "ItemPrice": "2,29€",
            "ItemUnit": "2,29€/st",
            "local_image_path": "Drogerie/Haushalt/vileda_frischhaltefolie_25m.jpg"
          },
          {
            "image_urls": [
              "https://www.edeka24.de/out/pictures/generated/product/1/224_224_90/edeka_teller_mehrweg_4st.jpg"
            ],
            "ItemTitle": "Edeka Teller Mehrweg 4ST",
            "ItemPrice": "3,19€",
            "ItemUnit": "0,80€/st",
            "local_image_path": "Drogerie/Haushalt/edeka_teller_mehrweg_4st.jpg"
          },
          {
            "image_urls": [
              "https://www.edeka24.de/out/pictures/generated/product/1/224_224_90/edeka_frischhaltefolie_3in1_20m.jpg"
            ],
            "ItemTitle": "EDEKA Frischhaltefolie 3in1 20m 1 Stück",
            "ItemPrice": "2,49€",
            "ItemUnit": "2,49€/st",
            "local_image_path": "Drogerie/Haushalt/edeka_frischhaltefolie_3in1_20m.jpg"
          },
          {
            "image_urls": [
              "https://www.edeka24.de/out/pictures/generated/product/1/224_224_90/gutampampgamp220nstig_power_cell_alkaline_micro_aaa_15v_lr03_10st.jpg"
            ],
            "ItemTitle": "Gut & Günstig Power Cell Alkaline Micro AAA 1,5V LR03 10ST",
            "ItemPrice": "1,95€",
            "ItemUnit": "0,20€/st",
            "local_image_path": "Drogerie/Haushalt/gutampampgamp220nstig_power_cell_alkaline_micro_aaa_15v_lr03_10st.jpg"
          },
          {
            "image_urls": [
              "https://www.edeka24.de/out/pictures/generated/product/1/224_224_90/vileda_mamp252llbeutel_ecoamp214ko_50l_12st.jpg"
            ],
            "ItemTitle": "Vileda Müllbeutel Eco+ 50L 12ST",
            "ItemPrice": "3,79€",
            "ItemUnit": "0,32€/st",
            "local_image_path": "Drogerie/Haushalt/vileda_mamp252llbeutel_ecoamp214ko_50l_12st.jpg"
          },
          {
            "image_urls": [
              "https://www.edeka24.de/out/pictures/generated/product/1/224_224_90/varta_longlife_mignon_aa_lr06_4st.jpg"
            ],
            "ItemTitle": "Varta Longlife Mignon AA Batterien 4ST",
            "ItemPrice": "4,29€",
            "ItemUnit": "1,07€/st",
            "local_image_path": "Drogerie/Haushalt/varta_longlife_mignon_aa_lr06_4st.jpg"
          },
          {
            "image_urls": [
              "https://www.edeka24.de/out/pictures/generated/product/1/224_224_90/aeroxon_kleidermotten-falle_4027600234402_1200.jpg"
            ],
            "ItemTitle": "Aeroxon Kleidermotten-Falle 2ST",
            "ItemPrice": "5,99€",
            "ItemUnit": "3,00€/st",
            "local_image_path": "Drogerie/Haushalt/aeroxon_kleidermotten-falle_4027600234402_1200.jpg"
          },
          {
            "image_urls": [
              "https://www.edeka24.de/out/pictures/generated/product/1/224_224_90/edeka_nagelbrste_aus_kunststoff.jpg"
            ],
            "ItemTitle": "EDEKA Nagelbürste aus Kunststoff",
            "ItemPrice": "1,79€",
            "ItemUnit": "1,79€/st",
            "local_image_path": "Drogerie/Haushalt/edeka_nagelbrste_aus_kunststoff.jpg"
          },
          {
            "image_urls": [
              "https://www.edeka24.de/out/pictures/generated/product/1/224_224_90/spontex_badputzer.jpg"
            ],
            "ItemTitle": "Spontex Badputzer 2ST",
            "ItemPrice": "1,99€",
            "ItemUnit": "",
            "local_image_path": "Drogerie/Haushalt/spontex_badputzer.jpg"
          },
          {
            "image_urls": [
              "https://www.edeka24.de/out/pictures/generated/product/1/224_224_90/gutampampgamp220nstig_elektronikfeuerzeuge_3st.jpg"
            ],
            "ItemTitle": "Gut & Günstig Elektronikfeuerzeuge 3ST",
            "ItemPrice": "0,89€",
            "ItemUnit": "0,30€/st",
            "local_image_path": "Drogerie/Haushalt/gutampampgamp220nstig_elektronikfeuerzeuge_3st.jpg"
          },
          {
            "image_urls": [
              "https://www.edeka24.de/out/pictures/generated/product/1/224_224_90/vileda_mamp252llbeutel_ecoamp214ko_30l_15st.jpg"
            ],
            "ItemTitle": "Vileda Müllbeutel Eco+ 30L 15ST",
            "ItemPrice": "3,79€",
            "ItemUnit": "0,25€/st",
            "local_image_path": "Drogerie/Haushalt/vileda_mamp252llbeutel_ecoamp214ko_30l_15st.jpg"
          },
          {
            "image_urls": [
              "https://www.edeka24.de/out/pictures/generated/product/1/224_224_90/4311536937804.jpg"
            ],
            "ItemTitle": "EDEKA Servietten gelb 3-lagig 33cm x 33cm 30ST",
            "ItemPrice": "0,85€",
            "ItemUnit": "0,03€/st",
            "local_image_path": "Drogerie/Haushalt/4311536937804.jpg"
          },
          {
            "image_urls": [
              "https://www.edeka24.de/out/pictures/generated/product/1/224_224_90/edeka_zuhause_power_spamp252lbamp252rste_diskett.jpg"
            ],
            "ItemTitle": "EDEKA zuhause Power Spülbürste diskett 1ST",
            "ItemPrice": "1,79€",
            "ItemUnit": "",
            "local_image_path": "Drogerie/Haushalt/edeka_zuhause_power_spamp252lbamp252rste_diskett.jpg"
          },
          {
            "image_urls": [
              "https://www.edeka24.de/out/pictures/generated/product/1/224_224_90/edeka_zuhause_pure_power_lithium_knopfzelle_cr2032_3st.jpg"
            ],
            "ItemTitle": "EDEKA zuhause Pure Power Lithium Knopfzelle CR2032 3ST",
            "ItemPrice": "3,19€",
            "ItemUnit": "",
            "local_image_path": "Drogerie/Haushalt/edeka_zuhause_pure_power_lithium_knopfzelle_cr2032_3st.jpg"
          },
          {
            "image_urls": [
              "https://www.edeka24.de/out/pictures/generated/product/1/224_224_90/ycpeppin.jpg"
            ],
            "ItemTitle": "Yankee Candle Home Inspiration Duftkerze Pepperberry Pine 340G",
            "ItemPrice": "14,90€",
            "ItemUnit": "43,82€/kg",
            "local_image_path": "Drogerie/Haushalt/ycpeppin.jpg"
          },
          {
            "image_urls": [
              "https://www.edeka24.de/out/pictures/generated/product/1/224_224_90/yccosyup.jpg"
            ],
            "ItemTitle": "Yankee Candle Home Inspiration Duftkerze Cosy Up 340G",
            "ItemPrice": "12,99€",
            "ItemUnit": "38,21€/kg",
            "local_image_path": "Drogerie/Haushalt/yccosyup.jpg"
          },
          {
            "image_urls": [
              "https://www.edeka24.de/out/pictures/generated/product/1/224_224_90/edeka_kugelschreiber.jpg"
            ],
            "ItemTitle": "EDEKA Kugelschreiber 4ST",
            "ItemPrice": "2,19€",
            "ItemUnit": "0,55€/st",
            "local_image_path": "Drogerie/Haushalt/edeka_kugelschreiber.jpg"
          },
          {
            "image_urls": [
              "https://www.edeka24.de/out/pictures/generated/product/1/224_224_90/edeka_schwerlast_mllscke_240l_5_stck.jpg"
            ],
            "ItemTitle": "EDEKA Schwerlast Müllsäcke 240L 5ST",
            "ItemPrice": "5,99€",
            "ItemUnit": "1,20€/st",
            "local_image_path": "Drogerie/Haushalt/edeka_schwerlast_mllscke_240l_5_stck.jpg"
          },
          {
            "image_urls": [
              "https://www.edeka24.de/out/pictures/generated/product/1/224_224_90/665974.jpg"
            ],
            "ItemTitle": "Raid Ameisen-Spray 400ml",
            "ItemPrice": "4,29€",
            "ItemUnit": "10,73€/l",
            "local_image_path": "Drogerie/Haushalt/665974.jpg"
          },
          {
            "image_urls": [
              "https://www.edeka24.de/out/pictures/generated/product/1/224_224_90/edeka_zuhause_rustik_stumpenkerze_gelb_16_x_7_cm.jpg"
            ],
            "ItemTitle": "EDEKA zuhause Rustik Stumpenkerze gelb 16cm x 7cm",
            "ItemPrice": "3,49€",
            "ItemUnit": "",
            "local_image_path": "Drogerie/Haushalt/edeka_zuhause_rustik_stumpenkerze_gelb_16_x_7_cm.jpg"
          },
          {
            "image_urls": [
              "https://www.edeka24.de/out/pictures/generated/product/1/224_224_90/edeka_zuhause_kastenform.jpg"
            ],
            "ItemTitle": "EDEKA zuhause Kastenform",
            "ItemPrice": "11,99€",
            "ItemUnit": "11,99€/st",
            "local_image_path": "Drogerie/Haushalt/edeka_zuhause_kastenform.jpg"
          },
          {
            "image_urls": [
              "https://www.edeka24.de/out/pictures/generated/product/1/224_224_90/edeka_staubsaugerbeutele07.png"
            ],
            "ItemTitle": "EDEKA Staubsaugerbeutel E07 4ST",
            "ItemPrice": "5,99€",
            "ItemUnit": "1,50€/st",
            "local_image_path": "Drogerie/Haushalt/edeka_staubsaugerbeutele07.png"
          },
          {
            "image_urls": [
              "https://www.edeka24.de/out/pictures/generated/product/1/224_224_90/vileda_backpapier_8m.jpg"
            ],
            "ItemTitle": "Vileda Backpapier 8M 1ST",
            "ItemPrice": "2,29€",
            "ItemUnit": "2,29€/st",
            "local_image_path": "Drogerie/Haushalt/vileda_backpapier_8m.jpg"
          },
          {
            "image_urls": [
              "https://www.edeka24.de/out/pictures/generated/product/1/224_224_90/varta_longlife_power_mignon_aa_15v_4st.jpg"
            ],
            "ItemTitle": "Varta Longlife Power Mignon AA Batterien 4ST",
            "ItemPrice": "5,49€",
            "ItemUnit": "1,37€/st",
            "local_image_path": "Drogerie/Haushalt/varta_longlife_power_mignon_aa_15v_4st.jpg"
          },
          {
            "image_urls": [
              "https://www.edeka24.de/out/pictures/generated/product/1/224_224_90/erustik_stumpe_weiss_8x7cm.jpg"
            ],
            "ItemTitle": "EDEKA zuhause Kerze Rustik Stumpe weiß 8cm x 7cm",
            "ItemPrice": "1,99€",
            "ItemUnit": "",
            "local_image_path": "Drogerie/Haushalt/erustik_stumpe_weiss_8x7cm.jpg"
          },
          {
            "image_urls": [
              "https://www.edeka24.de/out/pictures/generated/product/1/224_224_90/bic_j26_maxi_feuerzeug_kindergesichert_sortiert_2st.jpg"
            ],
            "ItemTitle": "BIC J26 Maxi Feuerzeug kindergesichert sortiert 2ST",
            "ItemPrice": "2,79€",
            "ItemUnit": "1,40€/st",
            "local_image_path": "Drogerie/Haushalt/bic_j26_maxi_feuerzeug_kindergesichert_sortiert_2st.jpg"
          },
          {
            "image_urls": [
              "https://www.edeka24.de/out/pictures/generated/product/1/224_224_90/gutampampgamp220nstig_universalverschlamp252sse_10st.jpg"
            ],
            "ItemTitle": "Gut & Günstig Universalverschlüsse 10ST",
            "ItemPrice": "1,49€",
            "ItemUnit": "0,15€/st",
            "local_image_path": "Drogerie/Haushalt/gutampampgamp220nstig_universalverschlamp252sse_10st.jpg"
          },
          {
            "image_urls": [
              "https://www.edeka24.de/out/pictures/generated/product/1/224_224_90/e6stunden_lichte_24st.jpg"
            ],
            "ItemTitle": "EDEKA zuhause 6-Stunden Stimmungs-Lichte 24ST",
            "ItemPrice": "3,79€",
            "ItemUnit": "0,16€/st",
            "local_image_path": "Drogerie/Haushalt/e6stunden_lichte_24st.jpg"
          },
          {
            "image_urls": [
              "https://www.edeka24.de/out/pictures/generated/product/1/224_224_90/edekafusselrolle.jpg"
            ],
            "ItemTitle": "EDEKA zuhause Fusselrolle",
            "ItemPrice": "1,79€",
            "ItemUnit": "1,79€/st",
            "local_image_path": "Drogerie/Haushalt/edekafusselrolle.jpg"
          },
          {
            "image_urls": [
              "https://www.edeka24.de/out/pictures/generated/product/1/224_224_90/gutgnstigstabfeuerzeug.jpg"
            ],
            "ItemTitle": "Gut & Günstig Stabfeuerzeug 1ST",
            "ItemPrice": "1,69€",
            "ItemUnit": "1,69€/st",
            "local_image_path": "Drogerie/Haushalt/gutgnstigstabfeuerzeug.jpg"
          },
          {
            "image_urls": [
              "https://www.edeka24.de/out/pictures/generated/product/1/224_224_90/aeroxon_lebensmittelmottenfalle_2st.jpg"
            ],
            "ItemTitle": "Aeroxon Lebensmittelmotten-Falle 2ST",
            "ItemPrice": "4,49€",
            "ItemUnit": "2,25€/st",
            "local_image_path": "Drogerie/Haushalt/aeroxon_lebensmittelmottenfalle_2st.jpg"
          },
          {
            "image_urls": [
              "https://www.edeka24.de/out/pictures/generated/product/1/224_224_90/gutampampgamp220nstig_eierlamp246ffel_6st.jpg"
            ],
            "ItemTitle": "Gut & Günstig Eierlöffel 6ST",
            "ItemPrice": "1,99€",
            "ItemUnit": "0,33€/st",
            "local_image_path": "Drogerie/Haushalt/gutampampgamp220nstig_eierlamp246ffel_6st.jpg"
          },
          {
            "image_urls": [
              "https://www.edeka24.de/out/pictures/generated/product/1/224_224_90/varta_longlife_micro_aaa_lr03_4st.jpg"
            ],
            "ItemTitle": "Varta Longlife Micro AAA Batterien 4ST",
            "ItemPrice": "4,29€",
            "ItemUnit": "1,07€/st",
            "local_image_path": "Drogerie/Haushalt/varta_longlife_micro_aaa_lr03_4st.jpg"
          },
          {
            "image_urls": [
              "https://www.edeka24.de/out/pictures/generated/product/1/224_224_90/shopping.png"
            ],
            "ItemTitle": "Yankee Candle Home Inspiration Duftkerze White Linen & Lace 340G",
            "ItemPrice": "14,99€",
            "ItemUnit": "44,09€/kg",
            "local_image_path": "Drogerie/Haushalt/shopping.png"
          },
          {
            "image_urls": [
              "https://www.edeka24.de/out/pictures/generated/product/1/224_224_90/gut_amp_gnstig_stumpenkerze_wei_10_x_5_cm.jpg"
            ],
            "ItemTitle": "EDEKA Stumpenkerze weiß 100/48mm 1ST",
            "ItemPrice": "1,49€",
            "ItemUnit": "",
            "local_image_path": "Drogerie/Haushalt/gut_amp_gnstig_stumpenkerze_wei_10_x_5_cm.jpg"
          },
          {
            "image_urls": [
              "https://www.edeka24.de/out/pictures/generated/product/1/224_224_90/edeka_staubsaugerbeutele10.png"
            ],
            "ItemTitle": "EDEKA Staubsaugerbeutel E10 4ST",
            "ItemPrice": "5,99€",
            "ItemUnit": "1,50€/st",
            "local_image_path": "Drogerie/Haushalt/edeka_staubsaugerbeutele10.png"
          },
          {
            "image_urls": [
              "https://www.edeka24.de/out/pictures/generated/product/1/224_224_90/-4311536964367.jpg"
            ],
            "ItemTitle": "EDEKA Servietten orange 3-lagig 33cm x 33cm 30ST",
            "ItemPrice": "0,85€",
            "ItemUnit": "0,03€/st",
            "local_image_path": "Drogerie/Haushalt/-4311536964367.jpg"
          },
          {
            "image_urls": [
              "https://www.edeka24.de/out/pictures/generated/product/1/224_224_90/ycvanfrost.jpg"
            ],
            "ItemTitle": "Yankee Candle Home Inspiration Duftkerze Vanilla Frosting 340G",
            "ItemPrice": "12,99€",
            "ItemUnit": "38,21€/kg",
            "local_image_path": "Drogerie/Haushalt/ycvanfrost.jpg"
          },
          {
            "image_urls": [
              "https://www.edeka24.de/out/pictures/generated/product/1/224_224_90/gutampampgamp220nstig_anzamp252nder_holz_und_wachs_64st.jpg"
            ],
            "ItemTitle": "Gut & Günstig Öko Grill & Kamin Anzünder aus Holz & Wachs 64ST",
            "ItemPrice": "1,99€",
            "ItemUnit": "0,03€/st",
            "local_image_path": "Drogerie/Haushalt/gutampampgamp220nstig_anzamp252nder_holz_und_wachs_64st.jpg"
          },
          {
            "image_urls": [
              "https://www.edeka24.de/out/pictures/generated/product/1/224_224_90/edeka_zuhause_amp214kologischer_spamp252lschwamm_2st.jpg"
            ],
            "ItemTitle": "EDEKA zuhause ökologischer Spülschwamm 2ST",
            "ItemPrice": "1,89€",
            "ItemUnit": "0,95€/st",
            "local_image_path": "Drogerie/Haushalt/edeka_zuhause_amp214kologischer_spamp252lschwamm_2st.jpg"
          },
          {
            "image_urls": [
              "https://www.edeka24.de/out/pictures/generated/product/1/224_224_90/gutampampgamp220nstig_einmachglas_230ml_6st.jpg"
            ],
            "ItemTitle": "Edeka Einmachgläser 230ML 6ST",
            "ItemPrice": "5,99€",
            "ItemUnit": "1,00€/st",
            "local_image_path": "Drogerie/Haushalt/gutampampgamp220nstig_einmachglas_230ml_6st.jpg"
          },
          {
            "image_urls": [
              "https://www.edeka24.de/out/pictures/generated/product/1/224_224_90/vartaaccuaaa.jpg"
            ],
            "ItemTitle": "Varta Rechargeable ACCUS AAA 2ST",
            "ItemPrice": "8,79€",
            "ItemUnit": "4,40€/st",
            "local_image_path": "Drogerie/Haushalt/vartaaccuaaa.jpg"
          },
          {
            "image_urls": [
              "https://www.edeka24.de/out/pictures/generated/product/1/224_224_90/tomeb-15.jpg"
            ],
            "ItemTitle": "Tom EB-15 Elektronik-Feuerzeug Eco 1ST",
            "ItemPrice": "0,69€",
            "ItemUnit": "0,69€/st",
            "local_image_path": "Drogerie/Haushalt/tomeb-15.jpg"
          },
          {
            "image_urls": [
              "https://www.edeka24.de/out/pictures/generated/product/1/224_224_90/yccherryvan.jpg"
            ],
            "ItemTitle": "Yankee Candle Home Inspiration Duftkerze Cherry Vanilla 340G",
            "ItemPrice": "14,99€",
            "ItemUnit": "44,09€/kg",
            "local_image_path": "Drogerie/Haushalt/yccherryvan.jpg"
          },
          {
            "image_urls": [
              "https://www.edeka24.de/out/pictures/generated/product/1/224_224_90/varta_longlife_power_mignon_aa_4st.jpg"
            ],
            "ItemTitle": "Varta Longlife Power Mignon AA 4ST",
            "ItemPrice": "4,99€",
            "ItemUnit": "1,25€/st",
            "local_image_path": "Drogerie/Haushalt/varta_longlife_power_mignon_aa_4st.jpg"
          },
          {
            "image_urls": [
              "https://www.edeka24.de/out/pictures/generated/product/1/224_224_90/gutampampgamp220nstig_geburtstagskerzen_mit_haltern_24st.jpg"
            ],
            "ItemTitle": "EDEKA Geburtstagskerzen mit Haltern 24ST",
            "ItemPrice": "1,59€",
            "ItemUnit": "0,07€/st",
            "local_image_path": "Drogerie/Haushalt/gutampampgamp220nstig_geburtstagskerzen_mit_haltern_24st.jpg"
          },
          {
            "image_urls": [
              "https://www.edeka24.de/out/pictures/generated/product/1/224_224_90/autantropical.jpg"
            ],
            "ItemTitle": "Autan Tropical Mückenschutz Pumpspray 100ML",
            "ItemPrice": "7,99€",
            "ItemUnit": "79,90€/l",
            "local_image_path": "Drogerie/Haushalt/autantropical.jpg"
          },
          {
            "image_urls": [
              "https://www.edeka24.de/out/pictures/generated/product/1/224_224_90/spontex-kochfeld.jpg"
            ],
            "ItemTitle": "Spontex Flash Kochfeldblitzer 1ST",
            "ItemPrice": "2,69€",
            "ItemUnit": "2,69€/st",
            "local_image_path": "Drogerie/Haushalt/spontex-kochfeld.jpg"
          },
          {
            "image_urls": [
              "https://www.edeka24.de/out/pictures/generated/product/1/224_224_90/gutampampgamp220nstig_gummiringe_farbig_sortiert_80g.jpg"
            ],
            "ItemTitle": "Gut & Günstig Gummiringe farbig sortiert 80 g",
            "ItemPrice": "1,99€",
            "ItemUnit": "24,88€/kg",
            "local_image_path": "Drogerie/Haushalt/gutampampgamp220nstig_gummiringe_farbig_sortiert_80g.jpg"
          },
          {
            "image_urls": [
              "https://www.edeka24.de/out/pictures/generated/product/1/224_224_90/quickpackbackpapier.jpg"
            ],
            "ItemTitle": "Quickpack Backpapier 8m x 38CM",
            "ItemPrice": "1,89€",
            "ItemUnit": "1,89€/st",
            "local_image_path": "Drogerie/Haushalt/quickpackbackpapier.jpg"
          },
          {
            "image_urls": [
              "https://www.edeka24.de/out/pictures/generated/product/1/224_224_90/gutampampgamp220nstig_spamp252lbamp252rste_mit_saugnapf.jpg"
            ],
            "ItemTitle": "Edeka Spülbürste mit Saugnapf 1ST",
            "ItemPrice": "1,49€",
            "ItemUnit": "",
            "local_image_path": "Drogerie/Haushalt/gutampampgamp220nstig_spamp252lbamp252rste_mit_saugnapf.jpg"
          },
          {
            "image_urls": [
              "https://www.edeka24.de/out/pictures/generated/product/1/224_224_90/edeka_zuhause_wischbezug_duofaserbaumwolle.jpg"
            ],
            "ItemTitle": "EDEKA zuhause Wischbezug",
            "ItemPrice": "5,99€",
            "ItemUnit": "",
            "local_image_path": "Drogerie/Haushalt/edeka_zuhause_wischbezug_duofaserbaumwolle.jpg"
          },
          {
            "image_urls": [
              "https://www.edeka24.de/out/pictures/generated/product/1/224_224_90/edeka_zuhause_schneidebrett_aus_bambus_385_x_255_cm.jpg"
            ],
            "ItemTitle": "EDEKA zuhause Schneidebrett aus Bambus 38,5cm x 25,5cm",
            "ItemPrice": "11,99€",
            "ItemUnit": "11,99€/st",
            "local_image_path": "Drogerie/Haushalt/edeka_zuhause_schneidebrett_aus_bambus_385_x_255_cm.jpg"
          },
          {
            "image_urls": [
              "https://www.edeka24.de/out/pictures/generated/product/1/224_224_90/gutampampgamp220nstig_frostschutz_60amp176c_1l.jpg"
            ],
            "ItemTitle": "EDEKA Scheiben Frostschutz Konzentrat 1L",
            "ItemSalePrice": "2,50€",
            "ItemUnit": "2,50€/l",
            "local_image_path": "Drogerie/Haushalt/gutampampgamp220nstig_frostschutz_60amp176c_1l.jpg"
          },
          {
            "image_urls": [
              "https://www.edeka24.de/out/pictures/generated/product/1/224_224_90/raidnightdaytrionf.jpg"
            ],
            "ItemTitle": "Raid Night & Day Trio Nachfüller",
            "ItemPrice": "4,29€",
            "ItemUnit": "4,29€/st",
            "local_image_path": "Drogerie/Haushalt/raidnightdaytrionf.jpg"
          },
          {
            "image_urls": [
              "https://www.edeka24.de/out/pictures/generated/product/1/224_224_90/ycexfruits.jpg"
            ],
            "ItemTitle": "Yankee Candle Home Inspiration Duftkerze Exotic Fruits 340G",
            "ItemPrice": "14,99€",
            "ItemUnit": "44,09€/kg",
            "local_image_path": "Drogerie/Haushalt/ycexfruits.jpg"
          },
          {
            "image_urls": [
              "https://www.edeka24.de/out/pictures/generated/product/1/224_224_90/quickpack_mllscke_100x125cm_240l_5st.jpg"
            ],
            "ItemTitle": "Quickpack Müllsäcke 100x125cm 240L 5ST",
            "ItemPrice": "5,99€",
            "ItemUnit": "1,20€/st",
            "local_image_path": "Drogerie/Haushalt/quickpack_mllscke_100x125cm_240l_5st.jpg"
          },
          {
            "image_urls": [
              "https://www.edeka24.de/out/pictures/generated/product/1/224_224_90/swirl_staubsaugerbeutel_y101_micropor_plus_pure_air_4st.jpg"
            ],
            "ItemTitle": "Swirl MicroPor Plus Y101 Staubfilterbeutel 4ST",
            "ItemPrice": "9,99€",
            "ItemUnit": "2,50€/st",
            "local_image_path": "Wein/ Spirituosen/Spirituosen/highland_park_18_jahre_single_malt_whisky.jpg"
          },
          {
            "image_urls": [
              "https://www.edeka24.de/out/pictures/generated/product/1/224_224_90/gutampampgamp220nstig_power_cell_alkaline_mono_d_15v_lr20_3st.jpg"
            ],
            "ItemTitle": "Gut & Günstig Power Cell Alkaline Mono D 1,5V LR20 Batterien 3ST",
            "ItemPrice": "2,09€",
            "ItemUnit": "0,70€/st",
            "local_image_path": "Drogerie/Haushalt/gutampampgamp220nstig_power_cell_alkaline_mono_d_15v_lr20_3st.jpg"
          },
          {
            "image_urls": [
              "https://www.edeka24.de/out/pictures/generated/product/1/224_224_90/edeka_zuhause_glastrinkhalme_mit_reinigungsbamp252rste_6st.jpg"
            ],
            "ItemTitle": "EDEKA zuhause Glastrinkhalme mit Reinigungsbürste 6ST",
            "ItemPrice": "5,99€",
            "ItemUnit": "1,00€/st",
            "local_image_path": "Drogerie/Haushalt/edeka_zuhause_glastrinkhalme_mit_reinigungsbamp252rste_6st.jpg"
          },
          {
            "image_urls": [
              "https://www.edeka24.de/out/pictures/generated/product/1/224_224_90/edeka_zuhause_kochtopf_durchmesser_20_cm_115_cm_hoch_1_stck.jpg"
            ],
            "ItemTitle": "EDEKA zuhause Kochtopf Durchmesser 20cm",
            "ItemPrice": "29,99€",
            "ItemUnit": "29,99€/st",
            "local_image_path": "Drogerie/Haushalt/edeka_zuhause_kochtopf_durchmesser_20_cm_115_cm_hoch_1_stck.jpg"
          },
          {
            "image_urls": [
              "https://www.edeka24.de/out/pictures/generated/product/1/224_224_90/gutampampgamp220nstig_messer_mehrweg_10st.jpg"
            ],
            "ItemTitle": "Edeka Messer Mehrweg 10ST",
            "ItemPrice": "2,29€",
            "ItemUnit": "0,23€/st",
            "local_image_path": "Drogerie/Haushalt/gutampampgamp220nstig_messer_mehrweg_10st.jpg"
          },
          {
            "image_urls": [
              "https://www.edeka24.de/out/pictures/generated/product/1/224_224_90/aeroxon_fliegengitter_anthrazit_4027600434468_1200.jpg"
            ],
            "ItemTitle": "Aeroxon Fenster Fliegengitter Anthrazit",
            "ItemPrice": "8,49€",
            "ItemUnit": "8,49€/st",
            "local_image_path": "Drogerie/Haushalt/aeroxon_fliegengitter_anthrazit_4027600434468_1200.jpg"
          },
          {
            "image_urls": [
              "https://www.edeka24.de/out/pictures/generated/product/1/224_224_90/ycmidmag.jpg"
            ],
            "ItemTitle": "Yankee Candle Home Inspiration Duftkerze Midnight Magnolia 340G",
            "ItemPrice": "14,90€",
            "ItemUnit": "43,82€/kg",
            "local_image_path": "Drogerie/Haushalt/ycmidmag.jpg"
          },
          {
            "image_urls": [
              "https://www.edeka24.de/out/pictures/generated/product/1/224_224_90/gutampampgamp220nstig_pfannenwender_buchenholz.jpg"
            ],
            "ItemTitle": "Edeka Pfannenwender Buchenholz",
            "ItemPrice": "1,99€",
            "ItemUnit": "",
            "local_image_path": "Drogerie/Haushalt/gutampampgamp220nstig_pfannenwender_buchenholz.jpg"
          },
          {
            "image_urls": [
              "https://www.edeka24.de/out/pictures/generated/product/1/224_224_90/aeroxon_mottenpapier_4027600454411_1200.jpg"
            ],
            "ItemTitle": "Aeroxon Motten-Papier 2x 10ST",
            "ItemPrice": "2,79€",
            "ItemUnit": "0,14€/st",
            "local_image_path": "Drogerie/Haushalt/aeroxon_mottenpapier_4027600454411_1200.jpg"
          },
          {
            "image_urls": [
              "https://www.edeka24.de/out/pictures/generated/product/1/224_224_90/tomreibrad-feuerzeug.jpg"
            ],
            "ItemTitle": "Tom Feuerzeug 1ST",
            "ItemPrice": "0,79€",
            "ItemUnit": "0,79€/st",
            "local_image_path": "Drogerie/Raucherbedarf/tomreibrad-feuerzeug.jpg"
          },
          {
            "image_urls": [
              "https://www.edeka24.de/out/pictures/generated/product/1/224_224_90/yccitging.jpg"
            ],
            "ItemTitle": "Yankee Candle Home Inspiration Duftkerze Citrus Gingerbread 340G",
            "ItemPrice": "14,90€",
            "ItemUnit": "43,82€/kg",
            "local_image_path": "Drogerie/Haushalt/yccitging.jpg"
          },
          {
            "image_urls": [
              "https://www.edeka24.de/out/pictures/generated/product/1/224_224_90/varta_longlife_power_aaa_4st.jpg"
            ],
            "ItemTitle": "Varta Longlife Power AAA 4ST",
            "ItemPrice": "4,99€",
            "ItemUnit": "1,25€/st",
            "local_image_path": "Drogerie/Haushalt/varta_longlife_power_aaa_4st.jpg"
          },
          {
            "image_urls": [
              "https://www.edeka24.de/out/pictures/generated/product/1/224_224_90/ycconfettimacarons.jpg"
            ],
            "ItemTitle": "Yankee Candle Home Inspiration Duftkerze Confetti Macarons 340G",
            "ItemSalePrice": "14,00€",
            "ItemUnit": "41,18€/kg",
            "local_image_path": "Drogerie/Haushalt/ycconfettimacarons.jpg"
          },
          {
            "image_urls": [
              "https://www.edeka24.de/out/pictures/generated/product/1/224_224_90/toppits_grillschale_quadratisch_3st.jpg"
            ],
            "ItemTitle": "Toppits Grillschalen  3ST",
            "ItemPrice": "3,49€",
            "ItemUnit": "1,16€/st",
            "local_image_path": "Drogerie/Haushalt/toppits_grillschale_quadratisch_3st.jpg"
          },
          {
            "image_urls": [
              "https://www.edeka24.de/out/pictures/generated/product/1/224_224_90/uhustic.jpg"
            ],
            "ItemTitle": "UHU Stic",
            "ItemPrice": "2,49€",
            "ItemUnit": "118,57€/kg",
            "local_image_path": "Drogerie/Haushalt/uhustic.jpg"
          },
          {
            "image_urls": [
              "https://www.edeka24.de/out/pictures/generated/product/1/224_224_90/chefmesser_feines_fleisch.jpg"
            ],
            "ItemTitle": "Chefmesser Feines Fleisch",
            "ItemPrice": "49,99€",
            "ItemUnit": "",
            "local_image_path": "Drogerie/Haushalt/chefmesser_feines_fleisch.jpg"
          },
          {
            "image_urls": [
              "https://www.edeka24.de/out/pictures/generated/product/1/224_224_90/ycislandsbloom.jpg"
            ],
            "ItemTitle": "Yankee Candle Home Inspiration Duftkerze Island Blooms 340G",
            "ItemPrice": "14,99€",
            "ItemUnit": "44,09€/kg",
            "local_image_path": "Drogerie/Haushalt/ycislandsbloom.jpg"
          },
          {
            "image_urls": [
              "https://www.edeka24.de/out/pictures/generated/product/1/224_224_90/longlife-9v.jpg"
            ],
            "ItemTitle": "Varta Longlife 9V E-Block Batterie Type 4122",
            "ItemPrice": "4,29€",
            "ItemUnit": "4,29€/st",
            "local_image_path": "Drogerie/Haushalt/longlife-9v.jpg"
          },
          {
            "image_urls": [
              "https://www.edeka24.de/out/pictures/generated/product/1/224_224_90/gutampampgamp220nstig_geburtstagskerzen_mit_haltern_24st.jpg"
            ],
            "ItemTitle": "EDEKA Geburtstagskerzen mit Haltern 24ST",
            "ItemPrice": "1,59€",
            "ItemUnit": "0,07€/st",
            "local_image_path": "Drogerie/Haushalt/gutampampgamp220nstig_geburtstagskerzen_mit_haltern_24st.jpg"
          },
          {
            "image_urls": [
              "https://www.edeka24.de/out/pictures/generated/product/1/224_224_90/autantropical.jpg"
            ],
            "ItemTitle": "Autan Tropical Mückenschutz Pumpspray 100ML",
            "ItemPrice": "7,99€",
            "ItemUnit": "79,90€/l",
            "local_image_path": "Drogerie/Haushalt/autantropical.jpg"
          },
          {
            "image_urls": [
              "https://www.edeka24.de/out/pictures/generated/product/1/224_224_90/spontex-kochfeld.jpg"
            ],
            "ItemTitle": "Spontex Flash Kochfeldblitzer 1ST",
            "ItemPrice": "2,69€",
            "ItemUnit": "2,69€/st",
            "local_image_path": "Drogerie/Haushalt/spontex-kochfeld.jpg"
          },
          {
            "image_urls": [
              "https://www.edeka24.de/out/pictures/generated/product/1/224_224_90/gutampampgamp220nstig_gummiringe_farbig_sortiert_80g.jpg"
            ],
            "ItemTitle": "Gut & Günstig Gummiringe farbig sortiert 80 g",
            "ItemPrice": "1,99€",
            "ItemUnit": "24,88€/kg",
            "local_image_path": "Drogerie/Haushalt/gutampampgamp220nstig_gummiringe_farbig_sortiert_80g.jpg"
          },
          {
            "image_urls": [
              "https://www.edeka24.de/out/pictures/generated/product/1/224_224_90/quickpackbackpapier.jpg"
            ],
            "ItemTitle": "Quickpack Backpapier 8m x 38CM",
            "ItemPrice": "1,89€",
            "ItemUnit": "1,89€/st",
            "local_image_path": "Drogerie/Haushalt/quickpackbackpapier.jpg"
          },
          {
            "image_urls": [
              "https://www.edeka24.de/out/pictures/generated/product/1/224_224_90/gutampampgamp220nstig_spamp252lbamp252rste_mit_saugnapf.jpg"
            ],
            "ItemTitle": "Edeka Spülbürste mit Saugnapf 1ST",
            "ItemPrice": "1,49€",
            "ItemUnit": "",
            "local_image_path": "Drogerie/Haushalt/gutampampgamp220nstig_spamp252lbamp252rste_mit_saugnapf.jpg"
          },
          {
            "image_urls": [
              "https://www.edeka24.de/out/pictures/generated/product/1/224_224_90/edeka_zuhause_wischbezug_duofaserbaumwolle.jpg"
            ],
            "ItemTitle": "EDEKA zuhause Wischbezug",
            "ItemPrice": "5,99€",
            "ItemUnit": "",
            "local_image_path": "Drogerie/Haushalt/edeka_zuhause_wischbezug_duofaserbaumwolle.jpg"
          },
          {
            "image_urls": [
              "https://www.edeka24.de/out/pictures/generated/product/1/224_224_90/edeka_zuhause_schneidebrett_aus_bambus_385_x_255_cm.jpg"
            ],
            "ItemTitle": "EDEKA zuhause Schneidebrett aus Bambus 38,5cm x 25,5cm",
            "ItemPrice": "11,99€",
            "ItemUnit": "11,99€/st",
            "local_image_path": "Drogerie/Haushalt/edeka_zuhause_schneidebrett_aus_bambus_385_x_255_cm.jpg"
          },
          {
            "image_urls": [
              "https://www.edeka24.de/out/pictures/generated/product/1/224_224_90/gutampampgamp220nstig_frostschutz_60amp176c_1l.jpg"
            ],
            "ItemTitle": "EDEKA Scheiben Frostschutz Konzentrat 1L",
            "ItemSalePrice": "2,50€",
            "ItemUnit": "2,50€/l",
            "local_image_path": "Drogerie/Haushalt/gutampampgamp220nstig_frostschutz_60amp176c_1l.jpg"
          },
          {
            "image_urls": [
              "https://www.edeka24.de/out/pictures/generated/product/1/224_224_90/raidnightdaytrionf.jpg"
            ],
            "ItemTitle": "Raid Night & Day Trio Nachfüller",
            "ItemPrice": "4,29€",
            "ItemUnit": "4,29€/st",
            "local_image_path": "Drogerie/Haushalt/raidnightdaytrionf.jpg"
          },
          {
            "image_urls": [
              "https://www.edeka24.de/out/pictures/generated/product/1/224_224_90/ycexfruits.jpg"
            ],
            "ItemTitle": "Yankee Candle Home Inspiration Duftkerze Exotic Fruits 340G",
            "ItemPrice": "14,99€",
            "ItemUnit": "44,09€/kg",
            "local_image_path": "Drogerie/Haushalt/ycexfruits.jpg"
          },
          {
            "image_urls": [
              "https://www.edeka24.de/out/pictures/generated/product/1/224_224_90/quickpack_mllscke_100x125cm_240l_5st.jpg"
            ],
            "ItemTitle": "Quickpack Müllsäcke 100x125cm 240L 5ST",
            "ItemPrice": "5,99€",
            "ItemUnit": "1,20€/st",
            "local_image_path": "Drogerie/Haushalt/quickpack_mllscke_100x125cm_240l_5st.jpg"
          },
          {
            "image_urls": [
              "https://www.edeka24.de/out/pictures/generated/product/1/224_224_90/swirl_staubsaugerbeutel_y101_micropor_plus_pure_air_4st.jpg"
            ],
            "ItemTitle": "Swirl MicroPor Plus Y101 Staubfilterbeutel 4ST",
            "ItemPrice": "9,99€",
            "ItemUnit": "2,50€/st",
            "local_image_path": "Wein/ Spirituosen/Spirituosen/highland_park_18_jahre_single_malt_whisky.jpg"
          },
          {
            "image_urls": [
              "https://www.edeka24.de/out/pictures/generated/product/1/224_224_90/gutampampgamp220nstig_power_cell_alkaline_mono_d_15v_lr20_3st.jpg"
            ],
            "ItemTitle": "Gut & Günstig Power Cell Alkaline Mono D 1,5V LR20 Batterien 3ST",
            "ItemPrice": "2,09€",
            "ItemUnit": "0,70€/st",
            "local_image_path": "Drogerie/Haushalt/gutampampgamp220nstig_power_cell_alkaline_mono_d_15v_lr20_3st.jpg"
          },
          {
            "image_urls": [
              "https://www.edeka24.de/out/pictures/generated/product/1/224_224_90/edeka_zuhause_glastrinkhalme_mit_reinigungsbamp252rste_6st.jpg"
            ],
            "ItemTitle": "EDEKA zuhause Glastrinkhalme mit Reinigungsbürste 6ST",
            "ItemPrice": "5,99€",
            "ItemUnit": "1,00€/st",
            "local_image_path": "Drogerie/Haushalt/edeka_zuhause_glastrinkhalme_mit_reinigungsbamp252rste_6st.jpg"
          },
          {
            "image_urls": [
              "https://www.edeka24.de/out/pictures/generated/product/1/224_224_90/edeka_zuhause_kochtopf_durchmesser_20_cm_115_cm_hoch_1_stck.jpg"
            ],
            "ItemTitle": "EDEKA zuhause Kochtopf Durchmesser 20cm",
            "ItemPrice": "29,99€",
            "ItemUnit": "29,99€/st",
            "local_image_path": "Drogerie/Haushalt/edeka_zuhause_kochtopf_durchmesser_20_cm_115_cm_hoch_1_stck.jpg"
          },
          {
            "image_urls": [
              "https://www.edeka24.de/out/pictures/generated/product/1/224_224_90/gutampampgamp220nstig_messer_mehrweg_10st.jpg"
            ],
            "ItemTitle": "Edeka Messer Mehrweg 10ST",
            "ItemPrice": "2,29€",
            "ItemUnit": "0,23€/st",
            "local_image_path": "Drogerie/Haushalt/gutampampgamp220nstig_messer_mehrweg_10st.jpg"
          },
          {
            "image_urls": [
              "https://www.edeka24.de/out/pictures/generated/product/1/224_224_90/aeroxon_fliegengitter_anthrazit_4027600434468_1200.jpg"
            ],
            "ItemTitle": "Aeroxon Fenster Fliegengitter Anthrazit",
            "ItemPrice": "8,49€",
            "ItemUnit": "8,49€/st",
            "local_image_path": "Drogerie/Haushalt/aeroxon_fliegengitter_anthrazit_4027600434468_1200.jpg"
          },
          {
            "image_urls": [
              "https://www.edeka24.de/out/pictures/generated/product/1/224_224_90/ycmidmag.jpg"
            ],
            "ItemTitle": "Yankee Candle Home Inspiration Duftkerze Midnight Magnolia 340G",
            "ItemPrice": "14,90€",
            "ItemUnit": "43,82€/kg",
            "local_image_path": "Drogerie/Haushalt/ycmidmag.jpg"
          },
          {
            "image_urls": [
              "https://www.edeka24.de/out/pictures/generated/product/1/224_224_90/gutampampgamp220nstig_pfannenwender_buchenholz.jpg"
            ],
            "ItemTitle": "Edeka Pfannenwender Buchenholz",
            "ItemPrice": "1,99€",
            "ItemUnit": "",
            "local_image_path": "Drogerie/Haushalt/gutampampgamp220nstig_pfannenwender_buchenholz.jpg"
          },
          {
            "image_urls": [
              "https://www.edeka24.de/out/pictures/generated/product/1/224_224_90/aeroxon_mottenpapier_4027600454411_1200.jpg"
            ],
            "ItemTitle": "Aeroxon Motten-Papier 2x 10ST",
            "ItemPrice": "2,79€",
            "ItemUnit": "0,14€/st",
            "local_image_path": "Drogerie/Haushalt/aeroxon_mottenpapier_4027600454411_1200.jpg"
          },
          {
            "image_urls": [
              "https://www.edeka24.de/out/pictures/generated/product/1/224_224_90/tomreibrad-feuerzeug.jpg"
            ],
            "ItemTitle": "Tom Feuerzeug 1ST",
            "ItemPrice": "0,79€",
            "ItemUnit": "0,79€/st",
            "local_image_path": "Drogerie/Raucherbedarf/tomreibrad-feuerzeug.jpg"
          },
          {
            "image_urls": [
              "https://www.edeka24.de/out/pictures/generated/product/1/224_224_90/yccitging.jpg"
            ],
            "ItemTitle": "Yankee Candle Home Inspiration Duftkerze Citrus Gingerbread 340G",
            "ItemPrice": "14,90€",
            "ItemUnit": "43,82€/kg",
            "local_image_path": "Drogerie/Haushalt/yccitging.jpg"
          },
          {
            "image_urls": [
              "https://www.edeka24.de/out/pictures/generated/product/1/224_224_90/varta_longlife_power_aaa_4st.jpg"
            ],
            "ItemTitle": "Varta Longlife Power AAA 4ST",
            "ItemPrice": "4,99€",
            "ItemUnit": "1,25€/st",
            "local_image_path": "Drogerie/Haushalt/varta_longlife_power_aaa_4st.jpg"
          },
          {
            "image_urls": [
              "https://www.edeka24.de/out/pictures/generated/product/1/224_224_90/ycconfettimacarons.jpg"
            ],
            "ItemTitle": "Yankee Candle Home Inspiration Duftkerze Confetti Macarons 340G",
            "ItemSalePrice": "14,00€",
            "ItemUnit": "41,18€/kg",
            "local_image_path": "Drogerie/Haushalt/ycconfettimacarons.jpg"
          },
          {
            "image_urls": [
              "https://www.edeka24.de/out/pictures/generated/product/1/224_224_90/toppits_grillschale_quadratisch_3st.jpg"
            ],
            "ItemTitle": "Toppits Grillschalen  3ST",
            "ItemPrice": "3,49€",
            "ItemUnit": "1,16€/st",
            "local_image_path": "Drogerie/Haushalt/toppits_grillschale_quadratisch_3st.jpg"
          },
          {
            "image_urls": [
              "https://www.edeka24.de/out/pictures/generated/product/1/224_224_90/uhustic.jpg"
            ],
            "ItemTitle": "UHU Stic",
            "ItemPrice": "2,49€",
            "ItemUnit": "118,57€/kg",
            "local_image_path": "Drogerie/Haushalt/uhustic.jpg"
          },
          {
            "image_urls": [
              "https://www.edeka24.de/out/pictures/generated/product/1/224_224_90/chefmesser_feines_fleisch.jpg"
            ],
            "ItemTitle": "Chefmesser Feines Fleisch",
            "ItemPrice": "49,99€",
            "ItemUnit": "",
            "local_image_path": "Drogerie/Haushalt/chefmesser_feines_fleisch.jpg"
          },
          {
            "image_urls": [
              "https://www.edeka24.de/out/pictures/generated/product/1/224_224_90/ycislandsbloom.jpg"
            ],
            "ItemTitle": "Yankee Candle Home Inspiration Duftkerze Island Blooms 340G",
            "ItemPrice": "14,99€",
            "ItemUnit": "44,09€/kg",
            "local_image_path": "Drogerie/Haushalt/ycislandsbloom.jpg"
          },
          {
            "image_urls": [
              "https://www.edeka24.de/out/pictures/generated/product/1/224_224_90/longlife-9v.jpg"
            ],
            "ItemTitle": "Varta Longlife 9V E-Block Batterie Type 4122",
            "ItemPrice": "4,29€",
            "ItemUnit": "4,29€/st",
            "local_image_path": "Drogerie/Haushalt/longlife-9v.jpg"
          },
          {
            "image_urls": [
              "https://www.edeka24.de/out/pictures/generated/product/1/224_224_90/zewa_wischampampweg_original_4x45bl.jpg"
            ],
            "ItemTitle": "Zewa Wisch & Weg Küchentücher Original 4x 45 Blatt",
            "ItemPrice": "3,49€",
            "ItemUnit": "0,02€/st",
            "local_image_path": "Drogerie/Haushalt/zewa_wischampampweg_original_4x45bl.jpg"
          },
          {
            "image_urls": [
              "https://www.edeka24.de/out/pictures/generated/product/1/224_224_90/edeka_kamp252chentamp252cher_extrasaugstark_tad_3lagig_2x70blatt.jpg"
            ],
            "ItemTitle": "EDEKA Küchentücher extra saugfähig 3lagig 2x 70 Blatt",
            "ItemPrice": "2,79€",
            "ItemUnit": "",
            "local_image_path": "Drogerie/Haushalt/edeka_kamp252chentamp252cher_extrasaugstark_tad_3lagig_2x70blatt.jpg"
          },
          {
            "image_urls": [
              "https://www.edeka24.de/out/pictures/generated/product/1/224_224_90/gut_amp_gnstig_tragegriff_mllbeutel_25_liter.jpg"
            ],
            "ItemTitle": "Gut & Günstig Tragegriff Müllbeutel 25L 30ST",
            "ItemPrice": "0,79€",
            "ItemUnit": "0,03€/st",
            "local_image_path": "Drogerie/Haushalt/gut_amp_gnstig_tragegriff_mllbeutel_25_liter.jpg"
          },
          {
            "image_urls": [
              "https://www.edeka24.de/out/pictures/generated/product/1/224_224_90/4311501407578_edekaduftmllbeutelmitzugband60l.jpg"
            ],
            "ItemTitle": "EDEKA Duft Müllbeutel mit Zugband 60L 10ST",
            "ItemPrice": "3,79€",
            "ItemUnit": "0,38€/st",
            "local_image_path": "Drogerie/Haushalt/4311501407578_edekaduftmllbeutelmitzugband60l.jpg"
          },
          {
            "image_urls": [
              "https://www.edeka24.de/out/pictures/generated/product/1/224_224_90/gut_amp_gnstig_antihaft_backpapier.jpg"
            ],
            "ItemTitle": "Gut & Günstig Backpapier Zuschnitte 30ST",
            "ItemPrice": "1,29€",
            "ItemUnit": "0,04€/st",
            "local_image_path": "Drogerie/Haushalt/gut_amp_gnstig_antihaft_backpapier.jpg"
          },
          {
            "image_urls": [
              "https://www.edeka24.de/out/pictures/generated/product/1/224_224_90/vileda_alufolie_10m.jpg"
            ],
            "ItemTitle": "Vileda Alufolie 10M 1ST",
            "ItemPrice": "2,49€",
            "ItemUnit": "2,49€/st",
            "local_image_path": "Drogerie/Haushalt/vileda_alufolie_10m.jpg"
          },
          {
            "image_urls": [
              "https://www.edeka24.de/out/pictures/generated/product/1/224_224_90/vileda_mamp252llbeutel_superzugband_20l_15st.jpg"
            ],
            "ItemTitle": "Vileda Müllbeutel Super+ 20L 15ST",
            "ItemPrice": "2,49€",
            "ItemUnit": "0,17€/st",
            "local_image_path": "Drogerie/Haushalt/vileda_mamp252llbeutel_superzugband_20l_15st.jpg"
          },
          {
            "image_urls": [
              "https://www.edeka24.de/out/pictures/generated/product/1/224_224_90/3f26237c3111432c50a978bbf1f235c0-4311536937774.jpg"
            ],
            "ItemTitle": "Edeka Servietten weiß 3-lagig 33cm x 33cm 30ST",
            "ItemPrice": "0,85€",
            "ItemUnit": "0,03€/st",
            "local_image_path": "Drogerie/Haushalt/3f26237c3111432c50a978bbf1f235c0-4311536937774.jpg"
          },
          {
            "image_urls": [
              "https://www.edeka24.de/out/pictures/generated/product/1/224_224_90/autan_family_care_mamp252ckenschutz_spray_100ml.jpg"
            ],
            "ItemTitle": "Autan Family Care Mückenschutz Spray 100ML",
            "ItemPrice": "6,99€",
            "ItemUnit": "69,90€/l",
            "local_image_path": "Drogerie/Haushalt/autan_family_care_mamp252ckenschutz_spray_100ml.jpg"
          },
          {
            "image_urls": [
              "https://www.edeka24.de/out/pictures/generated/product/1/224_224_90/ggserviettenweinrot.jpg"
            ],
            "ItemTitle": "EDEKA Servietten rot 3-lagig 33cm x 33cm 30ST",
            "ItemPrice": "0,85€",
            "ItemUnit": "0,03€/st",
            "local_image_path": "Drogerie/Haushalt/ggserviettenweinrot.jpg"
          },
          {
            "image_urls": [
              "https://www.edeka24.de/out/pictures/generated/product/1/224_224_90/3f26237c3111432c50a978bbf1f235c0-4311536937651.jpg"
            ],
            "ItemTitle": "EDEKA Servietten dunkelblau 3-lagig 33cm x 33cm 30ST",
            "ItemPrice": "0,85€",
            "ItemUnit": "0,03€/st",
            "local_image_path": "Drogerie/Haushalt/3f26237c3111432c50a978bbf1f235c0-4311536937651.jpg"
          },
          {
            "image_urls": [
              "https://www.edeka24.de/out/pictures/generated/product/1/224_224_90/gut_amp_gnstig_prgeservietten_wei_1lagig.jpg"
            ],
            "ItemTitle": "Edeka Prägeservietten 1-lagig weiss 33cm x 33cm 100ST",
            "ItemPrice": "0,99€",
            "ItemUnit": "0,01€/st",
            "local_image_path": "Drogerie/Haushalt/gut_amp_gnstig_prgeservietten_wei_1lagig.jpg"
          },
          {
            "image_urls": [
              "https://www.edeka24.de/out/pictures/generated/product/1/224_224_90/edeka_zuhause_2in1_kamp252chenschwamm.jpg"
            ],
            "ItemTitle": "EDEKA zuhause 2in1 Küchenschwamm",
            "ItemPrice": "2,39€",
            "ItemUnit": "1,20€/st",
            "local_image_path": "Drogerie/Haushalt/edeka_zuhause_2in1_kamp252chenschwamm.jpg"
          },
          {
            "image_urls": [
              "https://www.edeka24.de/out/pictures/generated/product/1/224_224_90/ecosack_mamp252llbeutel_schwarz_120l_24st.jpg"
            ],
            "ItemTitle": "Ecosack Müllbeutel schwarz 120L 24ST",
            "ItemPrice": "5,29€",
            "ItemUnit": "0,22€/st",
            "local_image_path": "Drogerie/Haushalt/ecosack_mamp252llbeutel_schwarz_120l_24st.jpg"
          },
          {
            "image_urls": [
              "https://www.edeka24.de/out/pictures/generated/product/1/224_224_90/gutampampgamp220nstig_kleiderbamp252gel_10st.jpg"
            ],
            "ItemTitle": "Gut & Günstig Kleiderbügel 10 Stück",
            "ItemPrice": "5,19€",
            "ItemUnit": "0,52€/st",
            "local_image_path": "Drogerie/Haushalt/gutampampgamp220nstig_kleiderbamp252gel_10st.jpg"
          },
          {
            "image_urls": [
              "https://www.edeka24.de/out/pictures/generated/product/1/224_224_90/vileda_frischhaltefolie_25m.jpg"
            ],
            "ItemTitle": "Vileda Frischhaltefolie 25M 1ST",
            "ItemPrice": "2,29€",
            "ItemUnit": "2,29€/st",
            "local_image_path": "Drogerie/Haushalt/vileda_frischhaltefolie_25m.jpg"
          },
          {
            "image_urls": [
              "https://www.edeka24.de/out/pictures/generated/product/1/224_224_90/edeka_teller_mehrweg_4st.jpg"
            ],
            "ItemTitle": "Edeka Teller Mehrweg 4ST",
            "ItemPrice": "3,19€",
            "ItemUnit": "0,80€/st",
            "local_image_path": "Drogerie/Haushalt/edeka_teller_mehrweg_4st.jpg"
          },
          {
            "image_urls": [
              "https://www.edeka24.de/out/pictures/generated/product/1/224_224_90/edeka_frischhaltefolie_3in1_20m.jpg"
            ],
            "ItemTitle": "EDEKA Frischhaltefolie 3in1 20m 1 Stück",
            "ItemPrice": "2,49€",
            "ItemUnit": "2,49€/st",
            "local_image_path": "Drogerie/Haushalt/edeka_frischhaltefolie_3in1_20m.jpg"
          },
          {
            "image_urls": [
              "https://www.edeka24.de/out/pictures/generated/product/1/224_224_90/gutampampgamp220nstig_power_cell_alkaline_micro_aaa_15v_lr03_10st.jpg"
            ],
            "ItemTitle": "Gut & Günstig Power Cell Alkaline Micro AAA 1,5V LR03 10ST",
            "ItemPrice": "1,95€",
            "ItemUnit": "0,20€/st",
            "local_image_path": "Drogerie/Haushalt/gutampampgamp220nstig_power_cell_alkaline_micro_aaa_15v_lr03_10st.jpg"
          },
          {
            "image_urls": [
              "https://www.edeka24.de/out/pictures/generated/product/1/224_224_90/vileda_mamp252llbeutel_ecoamp214ko_50l_12st.jpg"
            ],
            "ItemTitle": "Vileda Müllbeutel Eco+ 50L 12ST",
            "ItemPrice": "3,79€",
            "ItemUnit": "0,32€/st",
            "local_image_path": "Drogerie/Haushalt/vileda_mamp252llbeutel_ecoamp214ko_50l_12st.jpg"
          },
          {
            "image_urls": [
              "https://www.edeka24.de/out/pictures/generated/product/1/224_224_90/varta_longlife_mignon_aa_lr06_4st.jpg"
            ],
            "ItemTitle": "Varta Longlife Mignon AA Batterien 4ST",
            "ItemPrice": "4,29€",
            "ItemUnit": "1,07€/st",
            "local_image_path": "Drogerie/Haushalt/varta_longlife_mignon_aa_lr06_4st.jpg"
          },
          {
            "image_urls": [
              "https://www.edeka24.de/out/pictures/generated/product/1/224_224_90/aeroxon_kleidermotten-falle_4027600234402_1200.jpg"
            ],
            "ItemTitle": "Aeroxon Kleidermotten-Falle 2ST",
            "ItemPrice": "5,99€",
            "ItemUnit": "3,00€/st",
            "local_image_path": "Drogerie/Haushalt/aeroxon_kleidermotten-falle_4027600234402_1200.jpg"
          },
          {
            "image_urls": [
              "https://www.edeka24.de/out/pictures/generated/product/1/224_224_90/edeka_nagelbrste_aus_kunststoff.jpg"
            ],
            "ItemTitle": "EDEKA Nagelbürste aus Kunststoff",
            "ItemPrice": "1,79€",
            "ItemUnit": "1,79€/st",
            "local_image_path": "Drogerie/Haushalt/edeka_nagelbrste_aus_kunststoff.jpg"
          },
          {
            "image_urls": [
              "https://www.edeka24.de/out/pictures/generated/product/1/224_224_90/spontex_badputzer.jpg"
            ],
            "ItemTitle": "Spontex Badputzer 2ST",
            "ItemPrice": "1,99€",
            "ItemUnit": "",
            "local_image_path": "Drogerie/Haushalt/spontex_badputzer.jpg"
          },
          {
            "image_urls": [
              "https://www.edeka24.de/out/pictures/generated/product/1/224_224_90/gutampampgamp220nstig_elektronikfeuerzeuge_3st.jpg"
            ],
            "ItemTitle": "Gut & Günstig Elektronikfeuerzeuge 3ST",
            "ItemPrice": "0,89€",
            "ItemUnit": "0,30€/st",
            "local_image_path": "Drogerie/Haushalt/gutampampgamp220nstig_elektronikfeuerzeuge_3st.jpg"
          },
          {
            "image_urls": [
              "https://www.edeka24.de/out/pictures/generated/product/1/224_224_90/vileda_mamp252llbeutel_ecoamp214ko_30l_15st.jpg"
            ],
            "ItemTitle": "Vileda Müllbeutel Eco+ 30L 15ST",
            "ItemPrice": "3,79€",
            "ItemUnit": "0,25€/st",
            "local_image_path": "Drogerie/Haushalt/vileda_mamp252llbeutel_ecoamp214ko_30l_15st.jpg"
          },
          {
            "image_urls": [
              "https://www.edeka24.de/out/pictures/generated/product/1/224_224_90/4311536937804.jpg"
            ],
            "ItemTitle": "EDEKA Servietten gelb 3-lagig 33cm x 33cm 30ST",
            "ItemPrice": "0,85€",
            "ItemUnit": "0,03€/st",
            "local_image_path": "Drogerie/Haushalt/4311536937804.jpg"
          },
          {
            "image_urls": [
              "https://www.edeka24.de/out/pictures/generated/product/1/224_224_90/edeka_zuhause_power_spamp252lbamp252rste_diskett.jpg"
            ],
            "ItemTitle": "EDEKA zuhause Power Spülbürste diskett 1ST",
            "ItemPrice": "1,79€",
            "ItemUnit": "",
            "local_image_path": "Drogerie/Haushalt/edeka_zuhause_power_spamp252lbamp252rste_diskett.jpg"
          },
          {
            "image_urls": [
              "https://www.edeka24.de/out/pictures/generated/product/1/224_224_90/edeka_zuhause_pure_power_lithium_knopfzelle_cr2032_3st.jpg"
            ],
            "ItemTitle": "EDEKA zuhause Pure Power Lithium Knopfzelle CR2032 3ST",
            "ItemPrice": "3,19€",
            "ItemUnit": "",
            "local_image_path": "Drogerie/Haushalt/edeka_zuhause_pure_power_lithium_knopfzelle_cr2032_3st.jpg"
          },
          {
            "image_urls": [
              "https://www.edeka24.de/out/pictures/generated/product/1/224_224_90/ycpeppin.jpg"
            ],
            "ItemTitle": "Yankee Candle Home Inspiration Duftkerze Pepperberry Pine 340G",
            "ItemPrice": "14,90€",
            "ItemUnit": "43,82€/kg",
            "local_image_path": "Drogerie/Haushalt/ycpeppin.jpg"
          }
        ]
      }
    ]
  },
  {
    "CategoryTitle": "Drogerie",
    "Subcategories": [
      {
        "subcategoryTitle": "Tiernahrung",
        "productItems": [
          {
            "image_urls": [
              "https://www.edeka24.de/out/pictures/generated/product/1/224_224_90/4paws_amber_valley_perlhuhnampamplandgemamp252se_300g.jpg"
            ],
            "ItemTitle": "4 Paws Amber Valley Premium Pastete Perlhuhn & Landgemüse 300G",
            "ItemPrice": "2,29€",
            "ItemUnit": "7,63€/kg",
            "local_image_path": "Drogerie/Tiernahrung/4paws_amber_valley_perlhuhnampamplandgemamp252se_300g.jpg"
          },
          {
            "image_urls": [
              "https://www.edeka24.de/out/pictures/generated/product/1/224_224_90/msc_4paws_blue_lake_reich_an_hamp252hnchen_und_msc_fisch_mit_samp252sskartoffel_400g.jpg"
            ],
            "ItemTitle": "4 Paws Blue Lake Premium Trockenfutter reich an MSC Fisch mit Süsskartoffel 400G",
            "ItemPrice": "3,29€",
            "ItemUnit": "8,23€/kg",
            "local_image_path": "Drogerie/Tiernahrung/msc_4paws_blue_lake_reich_an_hamp252hnchen_und_msc_fisch_mit_samp252sskartoffel_400g.jpg"
          },
          {
            "image_urls": [
              "https://www.edeka24.de/out/pictures/generated/product/1/224_224_90/4paws_neuseelandlamm_karotteampampthymian_300g.jpg"
            ],
            "ItemTitle": "4 Paws Green Field Premium Pastete Neuseelandlamm, Karotte & Thymian 300G",
            "ItemPrice": "2,29€",
            "ItemUnit": "7,63€/kg",
            "local_image_path": "Drogerie/Tiernahrung/4paws_neuseelandlamm_karotteampampthymian_300g.jpg"
          },
          {
            "image_urls": [
              "https://www.edeka24.de/out/pictures/generated/product/1/224_224_90/4_paws_amber_valley_perlhuhn_amp_landgemse_85g.jpg"
            ],
            "ItemTitle": "4Paws Amber Valley Perlhuhn & Landgemüse 85G",
            "ItemPrice": "1,49€",
            "ItemUnit": "17,53€/kg",
            "local_image_path": "Drogerie/Tiernahrung/4_paws_amber_valley_perlhuhn_amp_landgemse_85g.jpg"
          },
          {
            "image_urls": [
              "https://www.edeka24.de/out/pictures/generated/product/1/224_224_90/4paws_green_field_neuseelandlamm_karotteampampthymian_85g.jpg"
            ],
            "ItemTitle": "4Paws Green Field Premium Pastete Neuseelandlamm, Karotte & Thymian 85G",
            "ItemPrice": "1,49€",
            "ItemUnit": "17,53€/kg",
            "local_image_path": "Drogerie/Tiernahrung/4paws_green_field_neuseelandlamm_karotteampampthymian_85g.jpg"
          },
          {
            "image_urls": [
              "https://www.edeka24.de/out/pictures/generated/product/1/224_224_90/msc_4paws_wild_river_wildlachs_und_dill_85g.jpg"
            ],
            "ItemTitle": "4Paws Wild River Wildlachs und Dill 85G",
            "ItemPrice": "1,49€",
            "ItemUnit": "17,53€/kg",
            "local_image_path": "Drogerie/Tiernahrung/msc_4paws_wild_river_wildlachs_und_dill_85g.jpg"
          },
          {
            "image_urls": [
              "https://www.edeka24.de/out/pictures/generated/product/1/224_224_90/nbadultnudama.jpg"
            ],
            "ItemTitle": "Best Nature Kaninchen & Huhn mit Nudeln & Amarant 400G",
            "ItemPrice": "2,79€",
            "ItemUnit": "6,98€/kg",
            "local_image_path": "Drogerie/Tiernahrung/nbadultnudama.jpg"
          },
          {
            "image_urls": [
              "https://www.edeka24.de/out/pictures/generated/product/1/224_224_90/nbadultrindpute.jpg"
            ],
            "ItemTitle": "Best Nature Pute & Rind mit feinen Karotten & Fenchel 400G",
            "ItemPrice": "2,79€",
            "ItemUnit": "6,98€/kg",
            "local_image_path": "Drogerie/Tiernahrung/nbadultrindpute.jpg"
          },
          {
            "image_urls": [
              "https://www.edeka24.de/out/pictures/generated/product/1/224_224_90/bnadultreisdistell.jpg"
            ],
            "ItemTitle": "Best Nature Rind mit Reis & Distelöl 400G",
            "ItemPrice": "2,79€",
            "ItemUnit": "6,98€/kg",
            "local_image_path": "Drogerie/Tiernahrung/bnadultreisdistell.jpg"
          },
          {
            "image_urls": [
              "https://www.edeka24.de/out/pictures/generated/product/1/224_224_90/bnadultwildhuhn.jpg"
            ],
            "ItemTitle": "Best Nature Wild & Huhn mit Vollkornnudeln, Preiselbeeren & Sonnenblumenöl 400G",
            "ItemPrice": "2,79€",
            "ItemUnit": "6,98€/kg",
            "local_image_path": "Drogerie/Tiernahrung/bnadultwildhuhn.jpg"
          },
          {
            "image_urls": [
              "https://www.edeka24.de/out/pictures/generated/product/1/224_224_90/cadora_erlesene_vielfalt_in_gelee_8x85g.jpg"
            ],
            "ItemTitle": "Cadora Erlesene Vielfalt in Gelee 8x 85G",
            "ItemPrice": "3,49€",
            "ItemUnit": "5,13€/kg",
            "local_image_path": "Drogerie/Tiernahrung/cadora_erlesene_vielfalt_in_gelee_8x85g.jpg"
          },
          {
            "image_urls": [
              "https://www.edeka24.de/out/pictures/generated/product/1/224_224_90/cadora_erlesene_vielfalt_in_sauce_8x85g.jpg"
            ],
            "ItemTitle": "Cadora Erlesene Vielfalt in Sauce 8x 85G",
            "ItemPrice": "3,49€",
            "ItemUnit": "5,13€/kg",
            "local_image_path": "Drogerie/Tiernahrung/cadora_erlesene_vielfalt_in_sauce_8x85g.jpg"
          },
          {
            "image_urls": [
              "https://www.edeka24.de/out/pictures/generated/product/1/224_224_90/cadora_softkern_katzenmilch_in_pate_85g.jpg"
            ],
            "ItemTitle": "Cadora Softkern Mousse reich an Leber mit Herz mit Katzenmilchkern 85G",
            "ItemPrice": "0,55€",
            "ItemUnit": "6,47€/kg",
            "local_image_path": "Drogerie/Tiernahrung/cadora_softkern_katzenmilch_in_pate_85g.jpg"
          },
          {
            "image_urls": [
              "https://www.edeka24.de/out/pictures/generated/product/1/224_224_90/cadora_softkern_tomate_in_pate_85g.jpg"
            ],
            "ItemTitle": "Cadora Softkern Mousse reich an Rind mit Tomatenkern 85G",
            "ItemPrice": "0,55€",
            "ItemUnit": "6,47€/kg",
            "local_image_path": "Drogerie/Tiernahrung/cadora_softkern_tomate_in_pate_85g.jpg"
          },
          {
            "image_urls": [
              "https://www.edeka24.de/out/pictures/generated/product/1/224_224_90/cadora_vital_supreme_adult_600g.jpg"
            ],
            "ItemTitle": "Cadora Vital Supreme Adult reich an Frischgeflügel 600G",
            "ItemPrice": "2,79€",
            "ItemUnit": "4,65€/kg",
            "local_image_path": "Drogerie/Tiernahrung/cadora_vital_supreme_adult_600g.jpg"
          },
          {
            "image_urls": [
              "https://www.edeka24.de/out/pictures/generated/product/1/224_224_90/cadora_vital_supreme_sensitive_600g.jpg"
            ],
            "ItemTitle": "Cadora Vital Supreme Sensitive reich an Frischgeflügel 600G",
            "ItemPrice": "2,79€",
            "ItemUnit": "4,65€/kg",
            "local_image_path": "Drogerie/Tiernahrung/cadora_vital_supreme_sensitive_600g.jpg"
          },
          {
            "image_urls": [
              "https://www.edeka24.de/out/pictures/generated/product/1/224_224_90/dokas_hamp252hnchenrolle_mit_rind_10g.jpg"
            ],
            "ItemTitle": "Dokas Hähnchen-Rolle mit Rind 10G",
            "ItemPrice": "0,79€",
            "ItemUnit": "79,00€/kg",
            "local_image_path": "Drogerie/Tiernahrung/dokas_hamp252hnchenrolle_mit_rind_10g.jpg"
          },
          {
            "image_urls": [
              "https://www.edeka24.de/out/pictures/generated/product/1/224_224_90/donathenerbox.jpg"
            ],
            "ItemTitle": "Donath Energie Box 1,2,3 360g",
            "ItemPrice": "3,99€",
            "ItemUnit": "11,08€/kg",
            "local_image_path": "Drogerie/Tiernahrung/donathenerbox.jpg"
          },
          {
            "image_urls": [
              "https://www.edeka24.de/out/pictures/generated/product/1/224_224_90/donathenerkndinsekt.jpg"
            ],
            "ItemTitle": "Donath Vogelfutter Energie Knödel Insekten Bio-Netz 600G",
            "ItemPrice": "3,99€",
            "ItemUnit": "6,65€/kg",
            "local_image_path": "Bio-Produkte/Bio Marken/donathenerkndinsekt.jpg"
          },
          {
            "image_urls": [
              "https://www.edeka24.de/out/pictures/generated/product/1/224_224_90/donathenerkndklass.jpg"
            ],
            "ItemTitle": "Donath Vogelfutter Energie Knödel Klassisch Bio-Netz 600G",
            "ItemPrice": "3,79€",
            "ItemUnit": "6,32€/kg",
            "local_image_path": "Bio-Produkte/Bio Marken/donathenerkndklass.jpg"
          },
          {
            "image_urls": [
              "https://www.edeka24.de/out/pictures/generated/product/1/224_224_90/donathenergiemix.jpg"
            ],
            "ItemTitle": "Donath Vogelfutter Energie Mix 1KG",
            "ItemPrice": "5,49€",
            "ItemUnit": "5,49€/kg",
            "local_image_path": "Drogerie/Tiernahrung/donathenergiemix.jpg"
          },
          {
            "image_urls": [
              "https://www.edeka24.de/out/pictures/generated/product/1/224_224_90/edeka_entenfilet_xxl_250g.jpg"
            ],
            "ItemTitle": "EDEKA Entenfilet XXL 250G",
            "ItemPrice": "4,29€",
            "ItemUnit": "17,16€/kg",
            "local_image_path": "Drogerie/Tiernahrung/edeka_entenfilet_xxl_250g.jpg"
          },
          {
            "image_urls": [
              "https://www.edeka24.de/out/pictures/generated/product/1/224_224_90/huhnleber.jpg"
            ],
            "ItemTitle": "EDEKA Feine Mahlzeit Huhn & Leber 400G",
            "ItemPrice": "1,19€",
            "ItemUnit": "2,98€/kg",
            "local_image_path": "Drogerie/Tiernahrung/huhnleber.jpg"
          },
          {
            "image_urls": [
              "https://www.edeka24.de/out/pictures/generated/product/1/224_224_90/edeka_feine_mahlzeit_hund_reich_an_huhn_mit_schwein_rind_und_pute_400g.jpg"
            ],
            "ItemTitle": "EDEKA Feine Mahlzeit Hund Reich an Huhn mit Schwein, Rind und Pute 400G",
            "ItemPrice": "0,89€",
            "ItemUnit": "2,23€/kg",
            "local_image_path": "Drogerie/Tiernahrung/edeka_feine_mahlzeit_hund_reich_an_huhn_mit_schwein_rind_und_pute_400g.jpg"
          },
          {
            "image_urls": [
              "https://www.edeka24.de/out/pictures/generated/product/1/224_224_90/edeka_feine_mahlzeit_junior_mit_geflgel_hundefutter_nass_400_g(1).jpg"
            ],
            "ItemTitle": "EDEKA Feine Mahlzeit Junior mit Rind & Huhn 400G",
            "ItemPrice": "1,19€",
            "ItemUnit": "2,98€/kg",
            "local_image_path": "Drogerie/Tiernahrung/edeka_feine_mahlzeit_junior_mit_geflgel_hundefutter_nass_400_g(1).jpg"
          },
          {
            "image_urls": [
              "https://www.edeka24.de/out/pictures/generated/product/1/224_224_90/edeka_dein_liebstes_pastete_mit_rind_amp_leber_katzenfutter_nass_400_g.jpg"
            ],
            "ItemTitle": "EDEKA Feine Mahlzeit Pastete mit Rind & Leber 400G",
            "ItemPrice": "1,19€",
            "ItemUnit": "2,98€/kg",
            "local_image_path": "Drogerie/Tiernahrung/edeka_dein_liebstes_pastete_mit_rind_amp_leber_katzenfutter_nass_400_g.jpg"
          },
          {
            "image_urls": [
              "https://www.edeka24.de/out/pictures/generated/product/1/224_224_90/wildtruthahn.jpg"
            ],
            "ItemTitle": "EDEKA Feine Mahlzeit Wild & Truthahn in Gelee 400G",
            "ItemPrice": "1,19€",
            "ItemUnit": "2,98€/kg",
            "local_image_path": "Drogerie/Tiernahrung/wildtruthahn.jpg"
          },
          {
            "image_urls": [
              "https://www.edeka24.de/out/pictures/generated/product/1/224_224_90/edeka_feine_bissen_junior_hundefutter_nass_150_g.jpg"
            ],
            "ItemTitle": "EDEKA Feine Pastete Junior mit Huhn 150G",
            "ItemPrice": "0,59€",
            "ItemUnit": "3,93€/kg",
            "local_image_path": "Drogerie/Tiernahrung/edeka_feine_bissen_junior_hundefutter_nass_150_g.jpg"
          },
          {
            "image_urls": [
              "https://www.edeka24.de/out/pictures/generated/product/1/224_224_90/edeka_feine_bissen_mit_geflgel_hundefutter_nass_150_g.jpg"
            ],
            "ItemTitle": "EDEKA Feine Pastete mit Huhn & Truthan 11x150G",
            "ItemPrice": "6,49€",
            "ItemUnit": "3,93€/kg",
            "local_image_path": "Drogerie/Tiernahrung/edeka_feine_bissen_mit_geflgel_hundefutter_nass_150_g.jpg"
          },
          {
            "image_urls": [
              "https://www.edeka24.de/out/pictures/generated/product/1/224_224_90/edeka_feine_bissen_mit_geflgel_hundefutter_nass_150_g.jpg"
            ],
            "ItemTitle": "EDEKA Feine Pastete mit Huhn & Truthan 150G",
            "ItemPrice": "0,59€",
            "ItemUnit": "3,93€/kg",
            "local_image_path": "Drogerie/Tiernahrung/edeka_feine_bissen_mit_geflgel_hundefutter_nass_150_g.jpg"
          },
          {
            "image_urls": [
              "https://www.edeka24.de/out/pictures/generated/product/1/224_224_90/edeka_feine_bissen_mit_kalb_und_geflgel_hundefutter_nass.jpg"
            ],
            "ItemTitle": "EDEKA Feine Pastete mit Kalb & Truthahn 150G",
            "ItemPrice": "0,59€",
            "ItemUnit": "3,93€/kg",
            "local_image_path": "Drogerie/Tiernahrung/edeka_feine_bissen_mit_kalb_und_geflgel_hundefutter_nass.jpg"
          },
          {
            "image_urls": [
              "https://www.edeka24.de/out/pictures/generated/product/1/224_224_90/edeka_feine_bissen_mit_truthahn_und_lamm_hundefutter_nass_150_g.jpg"
            ],
            "ItemTitle": "EDEKA Feine Pastete mit Truthahn & Lamm 150G",
            "ItemPrice": "0,59€",
            "ItemUnit": "3,93€/kg",
            "local_image_path": "Drogerie/Tiernahrung/edeka_feine_bissen_mit_truthahn_und_lamm_hundefutter_nass_150_g.jpg"
          },
          {
            "image_urls": [
              "https://www.edeka24.de/out/pictures/generated/product/1/224_224_90/edeka_feine_bissen_mit_wild_hundefutter_nass_150_g.jpg"
            ],
            "ItemTitle": "EDEKA Feine Pastete mit Wild & Huhn 150G",
            "ItemPrice": "0,59€",
            "ItemUnit": "3,93€/kg",
            "local_image_path": "Drogerie/Tiernahrung/edeka_feine_bissen_mit_wild_hundefutter_nass_150_g.jpg"
          },
          {
            "image_urls": [
              "https://www.edeka24.de/out/pictures/generated/product/1/224_224_90/edeka_feine_pate_mit_huhn_in_eiersouffle_85g.jpg"
            ],
            "ItemTitle": "EDEKA Feine Pate mit Huhn in Eier-Souffle 85G",
            "ItemPrice": "0,65€",
            "ItemUnit": "7,65€/kg",
            "local_image_path": "Drogerie/Tiernahrung/edeka_feine_pate_mit_huhn_in_eiersouffle_85g.jpg"
          },
          {
            "image_urls": [
              "https://www.edeka24.de/out/pictures/generated/product/1/224_224_90/edeka_feine_pat_mit_kabeljau_katzenfutter_nass_85_g.jpg"
            ],
            "ItemTitle": "EDEKA Feine Paté mit Kabeljau 85G",
            "ItemPrice": "0,65€",
            "ItemUnit": "7,65€/kg",
            "local_image_path": "Drogerie/Tiernahrung/edeka_feine_pat_mit_kabeljau_katzenfutter_nass_85_g.jpg"
          },
          {
            "image_urls": [
              "https://www.edeka24.de/out/pictures/generated/product/1/224_224_90/edeka-katzenfutter-mit-kalb.jpg"
            ],
            "ItemTitle": "EDEKA Feine Paté mit Kalb 85G",
            "ItemPrice": "0,65€",
            "ItemUnit": "7,65€/kg",
            "local_image_path": "Drogerie/Tiernahrung/edeka-katzenfutter-mit-kalb.jpg"
          },
          {
            "image_urls": [
              "https://www.edeka24.de/out/pictures/generated/product/1/224_224_90/edekafeinerpatepute.jpg"
            ],
            "ItemTitle": "EDEKA Feine Paté mit Pute 85G",
            "ItemPrice": "0,65€",
            "ItemUnit": "7,65€/kg",
            "local_image_path": "Drogerie/Tiernahrung/edekafeinerpatepute.jpg"
          },
          {
            "image_urls": [
              "https://www.edeka24.de/out/pictures/generated/product/1/224_224_90/edeka_feine_happen_mit_geflgel_in_joghurtsauce_katzenfutter_nass_100_g.jpg"
            ],
            "ItemTitle": "EDEKA Feines Ragout mit Huhn & Leber in Joghurtsauce 100G",
            "ItemPrice": "0,59€",
            "ItemUnit": "5,90€/kg",
            "local_image_path": "Drogerie/Tiernahrung/edeka_feine_happen_mit_geflgel_in_joghurtsauce_katzenfutter_nass_100_g.jpg"
          },
          {
            "image_urls": [
              "https://www.edeka24.de/out/pictures/generated/product/1/224_224_90/edeka_kaustangen_mit_hamp252hnerfleisch_famp252r_hund_80g.jpg"
            ],
            "ItemTitle": "EDEKA Hühnchen Kaustangen für Hund 80G",
            "ItemPrice": "2,29€",
            "ItemUnit": "28,63€/kg",
            "local_image_path": "Drogerie/Tiernahrung/edeka_kaustangen_mit_hamp252hnerfleisch_famp252r_hund_80g.jpg"
          },
          {
            "image_urls": [
              "https://www.edeka24.de/out/pictures/generated/product/1/224_224_90/edekadentalpluskausnack.jpg"
            ],
            "ItemTitle": "EDEKA I Love Dental Plus Kausnack 7 Stück",
            "ItemPrice": "1,19€",
            "ItemUnit": "0,17€/st",
            "local_image_path": "Drogerie/Tiernahrung/edekadentalpluskausnack.jpg"
          },
          {
            "image_urls": [
              "https://www.edeka24.de/out/pictures/generated/product/1/224_224_90/edeka_dog_gelenk_fit_175g.jpg"
            ],
            "ItemTitle": "EDEKA I Love Gelenkfit Kaurollen 7ST",
            "ItemPrice": "1,49€",
            "ItemUnit": "0,21€/st",
            "local_image_path": "Drogerie/Tiernahrung/edeka_dog_gelenk_fit_175g.jpg"
          },
          {
            "image_urls": [
              "https://www.edeka24.de/out/pictures/generated/product/1/224_224_90/edeka_dog_hairampampskin_175g.jpg"
            ],
            "ItemTitle": "EDEKA I Love Hair & Skin Kaurollen 7ST",
            "ItemPrice": "1,39€",
            "ItemUnit": "0,20€/st",
            "local_image_path": "Drogerie/Tiernahrung/edeka_dog_hairampampskin_175g.jpg"
          },
          {
            "image_urls": [
              "https://www.edeka24.de/out/pictures/generated/product/1/224_224_90/edeka_dog_kausticks_mitt220g.jpg"
            ],
            "ItemTitle": "EDEKA I Love Prodent Kausticks 4 Stück",
            "ItemPrice": "1,59€",
            "ItemUnit": "0,40€/st",
            "local_image_path": "Drogerie/Tiernahrung/edeka_dog_kausticks_mitt220g.jpg"
          },
          {
            "image_urls": [
              "https://www.edeka24.de/out/pictures/generated/product/1/224_224_90/gut_amp_gnstig_hello_my_cat_schlemmerhappen_mit_ente_und_truthahn.jpg"
            ],
            "ItemTitle": "Edeka Katzenfutter Hello My Cat Schlemmerhappen mit Ente 100G",
            "ItemPrice": "0,45€",
            "ItemUnit": "4,50€/kg",
            "local_image_path": "Drogerie/Tiernahrung/gut_amp_gnstig_hello_my_cat_schlemmerhappen_mit_ente_und_truthahn.jpg"
          },
          {
            "image_urls": [
              "https://www.edeka24.de/out/pictures/generated/product/1/224_224_90/edeka_katzenmilch.jpg"
            ],
            "ItemTitle": "EDEKA Katzenmilch 200ML",
            "ItemPrice": "0,49€",
            "ItemUnit": "2,45€/l",
            "local_image_path": "Drogerie/Tiernahrung/edeka_katzenmilch.jpg"
          },
          {
            "image_urls": [
              "https://www.edeka24.de/out/pictures/generated/product/1/224_224_90/edeka_knusper_kissen_huhn_amp_kse.jpg"
            ],
            "ItemTitle": "EDEKA Knusper Kissen Huhn & Käse 60G",
            "ItemPrice": "0,95€",
            "ItemUnit": "15,83€/kg",
            "local_image_path": "Drogerie/Tiernahrung/edeka_knusper_kissen_huhn_amp_kse.jpg"
          },
          {
            "image_urls": [
              "https://www.edeka24.de/out/pictures/generated/product/1/224_224_90/edeka_knusper_kissen_rind_amp_malz_60_g.jpg"
            ],
            "ItemTitle": "EDEKA Knusper Kissen Rind 60G",
            "ItemPrice": "0,95€",
            "ItemUnit": "15,83€/kg",
            "local_image_path": "Drogerie/Tiernahrung/edeka_knusper_kissen_rind_amp_malz_60_g.jpg"
          },
          {
            "image_urls": [
              "https://www.edeka24.de/out/pictures/generated/product/1/224_224_90/edekadog15kg_preview.jpg"
            ],
            "ItemTitle": "EDEKA Komplett-Mahlzeit Saftige Happen 1,5KG",
            "ItemPrice": "2,99€",
            "ItemUnit": "1,99€/kg",
            "local_image_path": "Drogerie/Tiernahrung/edekadog15kg_preview.jpg"
          },
          {
            "image_urls": [
              "https://www.edeka24.de/out/pictures/generated/product/1/224_224_90/edeka_medi_pet_schonkost_reich_an_pute_mit_kartoffeln_100g.jpg"
            ],
            "ItemTitle": "EDEKA Medi Pet Schonkost Pute mit Kartoffeln 100G",
            "ItemPrice": "1,19€",
            "ItemUnit": "11,90€/kg",
            "local_image_path": "Drogerie/Tiernahrung/edeka_medi_pet_schonkost_reich_an_pute_mit_kartoffeln_100g.jpg"
          },
          {
            "image_urls": [
              "https://www.edeka24.de/out/pictures/generated/product/1/224_224_90/edeka_natdog_gefkalherz125g.jpg"
            ],
            "ItemTitle": "EDEKA Naturals für Hunde Geflügel mit Kalbsherzen 125G",
            "ItemPrice": "1,29€",
            "ItemUnit": "10,32€/kg",
            "local_image_path": "Drogerie/Tiernahrung/edeka_natdog_gefkalherz125g.jpg"
          },
          {
            "image_urls": [
              "https://www.edeka24.de/out/pictures/generated/product/1/224_224_90/edeka_natdog_puthueherz125g.jpg"
            ],
            "ItemTitle": "EDEKA Naturals für Hunde Pute & Huhn 125G",
            "ItemPrice": "1,29€",
            "ItemUnit": "10,32€/kg",
            "local_image_path": "Drogerie/Tiernahrung/edeka_natdog_puthueherz125g.jpg"
          },
          {
            "image_urls": [
              "https://www.edeka24.de/out/pictures/generated/product/1/224_224_90/edeka-naturals-fr-katzen-monoprotein-rind-6x400g.jpg"
            ],
            "ItemTitle": "EDEKA Naturals für Katzen Monoprotein Rind 6x400g",
            "ItemPrice": "11,80€",
            "ItemUnit": "4,92€/kg",
            "local_image_path": "Drogerie/Tiernahrung/edeka-naturals-fr-katzen-monoprotein-rind-6x400g.jpg"
          },
          {
            "image_urls": [
              "https://www.edeka24.de/out/pictures/generated/product/1/224_224_90/edeka_naturals_rind_amp_huhn_125g.jpg"
            ],
            "ItemTitle": "EDEKA Naturals Rind & Huhn 125G",
            "ItemPrice": "1,29€",
            "ItemUnit": "10,32€/kg",
            "local_image_path": "Drogerie/Tiernahrung/edeka_naturals_rind_amp_huhn_125g.jpg"
          },
          {
            "image_urls": [
              "https://www.edeka24.de/out/pictures/generated/product/1/224_224_90/edeka_fruchtmix_famp252r_nager_70g.jpg"
            ],
            "ItemTitle": "EDEKA Obstkorb mit getrockneten Früchten 70G für Kleintiere",
            "ItemPrice": "1,19€",
            "ItemUnit": "17,00€/kg",
            "local_image_path": "Drogerie/Tiernahrung/edeka_fruchtmix_famp252r_nager_70g.jpg"
          },
          {
            "image_urls": [
              "https://www.edeka24.de/out/pictures/generated/product/1/224_224_90/edeka_rinderkauknochen_3st_150g.jpg"
            ],
            "ItemTitle": "EDEKA Premium-Snack Rinderkauknochen 3ST 150G",
            "ItemPrice": "2,79€",
            "ItemUnit": "18,60€/kg",
            "local_image_path": "Drogerie/Tiernahrung/edeka_rinderkauknochen_3st_150g.jpg"
          },
          {
            "image_urls": [
              "https://www.edeka24.de/out/pictures/generated/product/1/224_224_90/edeka_vitacomplete_premium_komplettmahlzeit.jpg"
            ],
            "ItemTitle": "EDEKA Vitacomplete Premium Komplett-Mahlzeit 0,75KG",
            "ItemPrice": "2,29€",
            "ItemUnit": "3,05€/kg",
            "local_image_path": "Drogerie/Tiernahrung/edeka_vitacomplete_premium_komplettmahlzeit.jpg"
          },
          {
            "image_urls": [
              "https://www.edeka24.de/out/pictures/generated/product/1/224_224_90/edeka_vitalcomplete_hundefutter_trocken_3_kg.jpg"
            ],
            "ItemTitle": "EDEKA Vital complete 3KG",
            "ItemPrice": "4,79€",
            "ItemUnit": "1,60€/kg",
            "local_image_path": "Drogerie/Tiernahrung/edeka_vitalcomplete_hundefutter_trocken_3_kg.jpg"
          },
          {
            "image_urls": [
              "https://www.edeka24.de/out/pictures/generated/product/1/224_224_90/edeka_vital_supreme_mit_lamm_amp_reis_3kg.jpg"
            ],
            "ItemTitle": "EDEKA Vital Supreme mit Lamm & Hirse 3KG",
            "ItemPrice": "4,79€",
            "ItemUnit": "1,60€/kg",
            "local_image_path": "Drogerie/Tiernahrung/edeka_vital_supreme_mit_lamm_amp_reis_3kg.jpg"
          },
          {
            "image_urls": [
              "https://www.edeka24.de/out/pictures/generated/product/1/224_224_90/felix_crispies_leckerlis_mit_lachs_und_forellengeschmack_45_g.jpg"
            ],
            "ItemTitle": "Felix Crispies Leckerlis mit Lachs- und Forellengeschmack 45G",
            "ItemPrice": "1,19€",
            "ItemUnit": "26,44€/kg",
            "local_image_path": "Drogerie/Tiernahrung/felix_crispies_leckerlis_mit_lachs_und_forellengeschmack_45_g.jpg"
          },
          {
            "image_urls": [
              "https://www.edeka24.de/out/pictures/generated/product/1/224_224_90/felix_doppelt_lecker_geschmacksvielfalt_aus_dem_wasser_12x85g.jpg"
            ],
            "ItemTitle": "Felix Doppelt Lecker Geschmacksvielfalt aus dem Wasser 12x85g",
            "ItemPrice": "4,79€",
            "ItemUnit": "4,70€/kg",
            "local_image_path": "Drogerie/Tiernahrung/felix_doppelt_lecker_geschmacksvielfalt_aus_dem_wasser_12x85g.jpg"
          },
          {
            "image_urls": [
              "https://www.edeka24.de/out/pictures/generated/product/1/224_224_90/felix_doppelt_vielfalt_vom_land_12x_85g.jpg"
            ],
            "ItemTitle": "Felix Doppelt Vielfalt vom Land in Gelee 12x85G",
            "ItemPrice": "4,79€",
            "ItemUnit": "4,70€/kg",
            "local_image_path": "Drogerie/Tiernahrung/felix_doppelt_vielfalt_vom_land_12x_85g.jpg"
          },
          {
            "image_urls": [
              "https://www.edeka24.de/out/pictures/generated/product/1/224_224_90/felix_farmhouse_sensations_huhn_trockenfutter_fr_katzen_1_kg.jpg"
            ],
            "ItemTitle": "Felix Farmhouse Sensations Huhn 1KG",
            "ItemPrice": "3,49€",
            "ItemUnit": "3,49€/kg",
            "local_image_path": "Drogerie/Tiernahrung/felix_farmhouse_sensations_huhn_trockenfutter_fr_katzen_1_kg.jpg"
          },
          {
            "image_urls": [
              "https://www.edeka24.de/out/pictures/generated/product/1/224_224_90/felix_junior_so_gut_wie_es_aussieht_gemischte_vielfalt_12x85g.jpg"
            ],
            "ItemTitle": "Felix Junior so gut wie es aussieht Gemischte Vielfalt 12x85g",
            "ItemPrice": "4,79€",
            "ItemUnit": "4,70€/kg",
            "local_image_path": "Drogerie/Tiernahrung/felix_junior_so_gut_wie_es_aussieht_gemischte_vielfalt_12x85g.jpg"
          },
          {
            "image_urls": [
              "https://www.edeka24.de/out/pictures/generated/product/1/224_224_90/felix_naturally_delicious_mit_huhn_und_einem_hauch_von_katzenminze_katzensnacks_50g.jpg"
            ],
            "ItemTitle": "Felix Naturally Delicious mit Huhn und einem Hauch von Katzenminze 50G",
            "ItemPrice": "1,19€",
            "ItemUnit": "23,80€/kg",
            "local_image_path": "Drogerie/Tiernahrung/felix_naturally_delicious_mit_huhn_und_einem_hauch_von_katzenminze_katzensnacks_50g.jpg"
          },
          {
            "image_urls": [
              "https://www.edeka24.de/out/pictures/generated/product/1/224_224_90/felix_naturally_delicious_vom_hof_10x80g.jpg"
            ],
            "ItemTitle": "Felix Naturally Delicious vom Hof 10x80G",
            "ItemPrice": "4,79€",
            "ItemUnit": "5,99€/kg",
            "local_image_path": "Drogerie/Tiernahrung/felix_naturally_delicious_vom_hof_10x80g.jpg"
          },
          {
            "image_urls": [
              "https://www.edeka24.de/out/pictures/generated/product/1/224_224_90/felix_naturally_delicious_von_der_wiese_10x80g.jpg"
            ],
            "ItemTitle": "Felix Naturally Delicious von der Wiese 10x80g",
            "ItemPrice": "4,79€",
            "ItemUnit": "5,99€/kg",
            "local_image_path": "Drogerie/Tiernahrung/felix_naturally_delicious_von_der_wiese_10x80g.jpg"
          },
          {
            "image_urls": [
              "https://www.edeka24.de/out/pictures/generated/product/1/224_224_90/felix_seaside_sensations_trockenfutter_1_kg.jpg"
            ],
            "ItemTitle": "Felix Seaside Sensations 1KG",
            "ItemPrice": "3,49€",
            "ItemUnit": "3,49€/kg",
            "local_image_path": "Drogerie/Tiernahrung/felix_seaside_sensations_trockenfutter_1_kg.jpg"
          },
          {
            "image_urls": [
              "https://www.edeka24.de/out/pictures/generated/product/1/224_224_90/felix_sensations_crunchy_geschmacksvielfalt_vom_land_10x85g40g.jpg"
            ],
            "ItemTitle": "Felix Sensations Crunchy Geschmacksvielfalt vom Land 10x85G+40G",
            "ItemPrice": "4,79€",
            "ItemUnit": "5,38€/kg",
            "local_image_path": "Drogerie/Tiernahrung/felix_sensations_crunchy_geschmacksvielfalt_vom_land_10x85g40g.jpg"
          },
          {
            "image_urls": [
              "https://www.edeka24.de/out/pictures/generated/product/1/224_224_90/felixsensationsgeleeswasser.jpg"
            ],
            "ItemTitle": "Felix Sensations Gelee Geschmacksvielfalt aus Dem Wasser 12x 85G",
            "ItemPrice": "4,79€",
            "ItemUnit": "4,70€/kg",
            "local_image_path": "Drogerie/Tiernahrung/felixsensationsgeleeswasser.jpg"
          },
          {
            "image_urls": [
              "https://www.edeka24.de/out/pictures/generated/product/1/224_224_90/felixdoppleckvielfaltvomland24er.jpg"
            ],
            "ItemTitle": "Felix so gut wie es aussieht Doppelt Lecker Vielfalt vom Land 24x85g",
            "ItemPrice": "9,99€",
            "ItemUnit": "4,90€/kg",
            "local_image_path": "Drogerie/Tiernahrung/felixdoppleckvielfaltvomland24er.jpg"
          },
          {
            "image_urls": [
              "https://www.edeka24.de/out/pictures/generated/product/1/224_224_90/felix_so_gut_wie_es_aussieht_huhn_promo_best_of_12x85g.jpg"
            ],
            "ItemTitle": "Felix so gut wie es aussieht Eure Lieblingssorten 12x85G",
            "ItemPrice": "4,79€",
            "ItemUnit": "4,70€/kg",
            "local_image_path": "Drogerie/Tiernahrung/felix_so_gut_wie_es_aussieht_huhn_promo_best_of_12x85g.jpg"
          },
          {
            "image_urls": [
              "https://www.edeka24.de/out/pictures/generated/product/1/224_224_90/felix_so_gut_wie_es_aussieht_geschmacksvielfalt_aus_dem_wasser_12x85g.jpg"
            ],
            "ItemTitle": "Felix so gut wie es aussieht Geschmacksvielfalt aus dem Wasser 12x85g",
            "ItemPrice": "4,79€",
            "ItemUnit": "4,70€/kg",
            "local_image_path": "Drogerie/Tiernahrung/felix_so_gut_wie_es_aussieht_geschmacksvielfalt_aus_dem_wasser_12x85g.jpg"
          },
          {
            "image_urls": [
              "https://www.edeka24.de/out/pictures/generated/product/1/224_224_90/felixsgweavielfaltlandgelee24er.jpg"
            ],
            "ItemTitle": "Felix so gut wie es aussieht Geschmacksvielfalt vom Land 24x85g",
            "ItemPrice": "9,99€",
            "ItemUnit": "4,90€/kg",
            "local_image_path": "Drogerie/Tiernahrung/felixsgweavielfaltlandgelee24er.jpg"
          },
          {
            "image_urls": [
              "https://www.edeka24.de/out/pictures/generated/product/1/224_224_90/felixsgweakabeljaugelee.jpg"
            ],
            "ItemTitle": "Felix so gut wie es aussieht Kabeljau in Gelee 85G",
            "ItemPrice": "0,59€",
            "ItemUnit": "6,94€/kg",
            "local_image_path": "Drogerie/Tiernahrung/felixsgweakabeljaugelee.jpg"
          },
          {
            "image_urls": [
              "https://www.edeka24.de/out/pictures/generated/product/1/224_224_90/felix_so_gut_wie_es_aussieht_kaninchen_85g.jpg"
            ],
            "ItemTitle": "Felix So Gut Wie Es Aussieht Kaninchen in Gelee 85G",
            "ItemPrice": "0,59€",
            "ItemUnit": "6,94€/kg",
            "local_image_path": "Drogerie/Tiernahrung/felix_so_gut_wie_es_aussieht_kaninchen_85g.jpg"
          },
          {
            "image_urls": [
              "https://www.edeka24.de/out/pictures/generated/product/1/224_224_90/felix_soup_geschmacksvielfalt_aus_dem_wasser_6x48g(1).jpg"
            ],
            "ItemTitle": "Felix Soup Geschmacksvielfalt aus dem Wasser 6x48G",
            "ItemPrice": "2,59€",
            "ItemUnit": "8,99€/kg",
            "local_image_path": "Drogerie/Tiernahrung/felix_soup_geschmacksvielfalt_aus_dem_wasser_6x48g(1).jpg"
          },
          {
            "image_urls": [
              "https://www.edeka24.de/out/pictures/generated/product/1/224_224_90/felix_soup_geschmacksvielfalt_vom_land_6x48g.jpg"
            ],
            "ItemTitle": "Felix Soup Original Rind, Huhn, Lamm 6x48g",
            "ItemPrice": "2,59€",
            "ItemUnit": "8,99€/kg",
            "local_image_path": "Drogerie/Tiernahrung/felix_soup_geschmacksvielfalt_vom_land_6x48g.jpg"
          },
          {
            "image_urls": [
              "https://www.edeka24.de/out/pictures/generated/product/1/224_224_90/felix_soup_tender_strips_land_6x48g.jpg"
            ],
            "ItemTitle": "Felix Soup Tender Strips Land 6x48G",
            "ItemPrice": "2,59€",
            "ItemUnit": "8,99€/kg",
            "local_image_path": "Drogerie/Tiernahrung/felix_soup_tender_strips_land_6x48g.jpg"
          },
          {
            "image_urls": [
              "https://www.edeka24.de/out/pictures/generated/product/1/224_224_90/felix_soup_tender_strips_rindhuhnthunfisch_6x48g.jpg"
            ],
            "ItemTitle": "Felix Soup Tender Strips Rind/Huhn/Thunfisch 6x48G",
            "ItemPrice": "2,59€",
            "ItemUnit": "8,99€/kg",
            "local_image_path": "Drogerie/Tiernahrung/felix_soup_tender_strips_rindhuhnthunfisch_6x48g.jpg"
          },
          {
            "image_urls": [
              "https://www.edeka24.de/out/pictures/generated/product/1/224_224_90/felix_soup_tender_strips_wasser_6x48g(1).jpg"
            ],
            "ItemTitle": "Felix Soup Tender Strips Wasser 6x48G",
            "ItemPrice": "2,59€",
            "ItemUnit": "8,99€/kg",
            "local_image_path": "Drogerie/Tiernahrung/felix_soup_tender_strips_wasser_6x48g(1).jpg"
          },
          {
            "image_urls": [
              "https://www.edeka24.de/out/pictures/generated/product/1/224_224_90/felixtastyshredswasser.jpg"
            ],
            "ItemTitle": "Felix Tasty Shreds Geschmacksvielfalt aus dem Wasser 10x80G",
            "ItemPrice": "4,79€",
            "ItemUnit": "5,99€/kg",
            "local_image_path": "Drogerie/Tiernahrung/felixtastyshredswasser.jpg"
          },
          {
            "image_urls": [
              "https://www.edeka24.de/out/pictures/generated/product/1/224_224_90/felixtastygvland.jpg"
            ],
            "ItemTitle": "Felix Tasty Shreds Geschmacksvielfalt vom Land 10x 80G",
            "ItemPrice": "4,79€",
            "ItemUnit": "5,99€/kg",
            "local_image_path": "Drogerie/Tiernahrung/felixtastygvland.jpg"
          },
          {
            "image_urls": [
              "https://www.edeka24.de/out/pictures/generated/product/1/224_224_90/gutampampgamp220nstig_knusper_menamp252_mit_huhn_famp252r_katzen_2kg.jpg"
            ],
            "ItemTitle": "Gut & Günstig Hello My Cat Knusper Menü mit Huhn 2KG",
            "ItemPrice": "2,49€",
            "ItemUnit": "1,25€/kg",
            "local_image_path": "Drogerie/Tiernahrung/gutampampgamp220nstig_knusper_menamp252_mit_huhn_famp252r_katzen_2kg.jpg"
          },
          {
            "image_urls": [
              "https://www.edeka24.de/out/pictures/generated/product/1/224_224_90/josicat_chicken_in_sauce_415g.jpg"
            ],
            "ItemTitle": "Josera JosiCat Chicken in Sauce 415G",
            "ItemPrice": "1,19€",
            "ItemUnit": "2,87€/kg",
            "local_image_path": "Drogerie/Tiernahrung/josicat_chicken_in_sauce_415g.jpg"
          },
          {
            "image_urls": [
              "https://www.edeka24.de/out/pictures/generated/product/1/224_224_90/mnkankalb.jpg"
            ],
            "ItemTitle": "Müller's Naturhof Hundefutter Kalb & Kaninchen 400G",
            "ItemPrice": "2,49€",
            "ItemUnit": "6,23€/kg",
            "local_image_path": "Drogerie/Tiernahrung/mnkankalb.jpg"
          },
          {
            "image_urls": [
              "https://www.edeka24.de/out/pictures/generated/product/1/224_224_90/mllerrindente.jpg"
            ],
            "ItemTitle": "Müller's Naturhof Rind & Ente mit Gartengemüse & Wiesenkräutern 400G",
            "ItemPrice": "2,49€",
            "ItemUnit": "6,23€/kg",
            "local_image_path": "Drogerie/Tiernahrung/mllerrindente.jpg"
          },
          {
            "image_urls": [
              "https://www.edeka24.de/out/pictures/generated/product/1/224_224_90/purinaoneadultzartestckchensoehuhngrnebohnen.jpg"
            ],
            "ItemTitle": "One Cat Adult zarte Stückchen in Soße mit Huhn 85G",
            "ItemPrice": "0,89€",
            "ItemUnit": "10,47€/kg",
            "local_image_path": "Drogerie/Tiernahrung/purinaoneadultzartestckchensoehuhngrnebohnen.jpg"
          },
          {
            "image_urls": [
              "https://www.edeka24.de/out/pictures/generated/product/1/224_224_90/purinaoneindoorformulathunfischgrnebohnenjpg.jpg"
            ],
            "ItemTitle": "One Cat Indoor Formula zarte Stückchen in Soße mit Thunfisch 85G",
            "ItemPrice": "0,89€",
            "ItemUnit": "10,47€/kg",
            "local_image_path": "Drogerie/Tiernahrung/purinaoneindoorformulathunfischgrnebohnenjpg.jpg"
          },
          {
            "image_urls": [
              "https://www.edeka24.de/out/pictures/generated/product/1/224_224_90/one-sensetiv-huhn.jpg"
            ],
            "ItemTitle": "One Cat Sensitive Zarte Stückchen in Soße mit Huhn und Karotten 85G",
            "ItemPrice": "0,89€",
            "ItemUnit": "10,47€/kg",
            "local_image_path": "Drogerie/Tiernahrung/one-sensetiv-huhn.jpg"
          },
          {
            "image_urls": [
              "https://www.edeka24.de/out/pictures/generated/product/1/224_224_90/pets_unlimited_kaustick_mit_ente_medium_4st_100g.jpg"
            ],
            "ItemTitle": "Pets Unlimited Chewy Stick With Duck 100G  MHD 19.09.2023",
            "ItemSalePrice": "1,60€",
            "ItemUnit": "16,00€/kg",
            "local_image_path": "Jetzt wird gerettet!/default_subcategory/pets_unlimited_kaustick_mit_ente_medium_4st_100g.jpg"
          },
          {
            "image_urls": [
              "https://www.edeka24.de/out/pictures/generated/product/1/224_224_90/felix_doppelt_vielfalt_vom_land_12x_85g.jpg"
            ],
            "ItemTitle": "Felix Doppelt Vielfalt vom Land in Gelee 12x85G",
            "ItemPrice": "4,79€",
            "ItemUnit": "4,70€/kg",
            "local_image_path": "Drogerie/Tiernahrung/felix_doppelt_vielfalt_vom_land_12x_85g.jpg"
          },
          {
            "image_urls": [
              "https://www.edeka24.de/out/pictures/generated/product/1/224_224_90/felix_farmhouse_sensations_huhn_trockenfutter_fr_katzen_1_kg.jpg"
            ],
            "ItemTitle": "Felix Farmhouse Sensations Huhn 1KG",
            "ItemPrice": "3,49€",
            "ItemUnit": "3,49€/kg",
            "local_image_path": "Drogerie/Tiernahrung/felix_farmhouse_sensations_huhn_trockenfutter_fr_katzen_1_kg.jpg"
          },
          {
            "image_urls": [
              "https://www.edeka24.de/out/pictures/generated/product/1/224_224_90/felix_junior_so_gut_wie_es_aussieht_gemischte_vielfalt_12x85g.jpg"
            ],
            "ItemTitle": "Felix Junior so gut wie es aussieht Gemischte Vielfalt 12x85g",
            "ItemPrice": "4,79€",
            "ItemUnit": "4,70€/kg",
            "local_image_path": "Drogerie/Tiernahrung/felix_junior_so_gut_wie_es_aussieht_gemischte_vielfalt_12x85g.jpg"
          },
          {
            "image_urls": [
              "https://www.edeka24.de/out/pictures/generated/product/1/224_224_90/felix_naturally_delicious_mit_huhn_und_einem_hauch_von_katzenminze_katzensnacks_50g.jpg"
            ],
            "ItemTitle": "Felix Naturally Delicious mit Huhn und einem Hauch von Katzenminze 50G",
            "ItemPrice": "1,19€",
            "ItemUnit": "23,80€/kg",
            "local_image_path": "Drogerie/Tiernahrung/felix_naturally_delicious_mit_huhn_und_einem_hauch_von_katzenminze_katzensnacks_50g.jpg"
          },
          {
            "image_urls": [
              "https://www.edeka24.de/out/pictures/generated/product/1/224_224_90/felix_naturally_delicious_vom_hof_10x80g.jpg"
            ],
            "ItemTitle": "Felix Naturally Delicious vom Hof 10x80G",
            "ItemPrice": "4,79€",
            "ItemUnit": "5,99€/kg",
            "local_image_path": "Drogerie/Tiernahrung/felix_naturally_delicious_vom_hof_10x80g.jpg"
          },
          {
            "image_urls": [
              "https://www.edeka24.de/out/pictures/generated/product/1/224_224_90/felix_naturally_delicious_von_der_wiese_10x80g.jpg"
            ],
            "ItemTitle": "Felix Naturally Delicious von der Wiese 10x80g",
            "ItemPrice": "4,79€",
            "ItemUnit": "5,99€/kg",
            "local_image_path": "Drogerie/Tiernahrung/felix_naturally_delicious_von_der_wiese_10x80g.jpg"
          },
          {
            "image_urls": [
              "https://www.edeka24.de/out/pictures/generated/product/1/224_224_90/felix_seaside_sensations_trockenfutter_1_kg.jpg"
            ],
            "ItemTitle": "Felix Seaside Sensations 1KG",
            "ItemPrice": "3,49€",
            "ItemUnit": "3,49€/kg",
            "local_image_path": "Drogerie/Tiernahrung/felix_seaside_sensations_trockenfutter_1_kg.jpg"
          },
          {
            "image_urls": [
              "https://www.edeka24.de/out/pictures/generated/product/1/224_224_90/felix_sensations_crunchy_geschmacksvielfalt_vom_land_10x85g40g.jpg"
            ],
            "ItemTitle": "Felix Sensations Crunchy Geschmacksvielfalt vom Land 10x85G+40G",
            "ItemPrice": "4,79€",
            "ItemUnit": "5,38€/kg",
            "local_image_path": "Drogerie/Tiernahrung/felix_sensations_crunchy_geschmacksvielfalt_vom_land_10x85g40g.jpg"
          },
          {
            "image_urls": [
              "https://www.edeka24.de/out/pictures/generated/product/1/224_224_90/felixsensationsgeleeswasser.jpg"
            ],
            "ItemTitle": "Felix Sensations Gelee Geschmacksvielfalt aus Dem Wasser 12x 85G",
            "ItemPrice": "4,79€",
            "ItemUnit": "4,70€/kg",
            "local_image_path": "Drogerie/Tiernahrung/felixsensationsgeleeswasser.jpg"
          },
          {
            "image_urls": [
              "https://www.edeka24.de/out/pictures/generated/product/1/224_224_90/felixdoppleckvielfaltvomland24er.jpg"
            ],
            "ItemTitle": "Felix so gut wie es aussieht Doppelt Lecker Vielfalt vom Land 24x85g",
            "ItemPrice": "9,99€",
            "ItemUnit": "4,90€/kg",
            "local_image_path": "Drogerie/Tiernahrung/felixdoppleckvielfaltvomland24er.jpg"
          },
          {
            "image_urls": [
              "https://www.edeka24.de/out/pictures/generated/product/1/224_224_90/felix_so_gut_wie_es_aussieht_huhn_promo_best_of_12x85g.jpg"
            ],
            "ItemTitle": "Felix so gut wie es aussieht Eure Lieblingssorten 12x85G",
            "ItemPrice": "4,79€",
            "ItemUnit": "4,70€/kg",
            "local_image_path": "Drogerie/Tiernahrung/felix_so_gut_wie_es_aussieht_huhn_promo_best_of_12x85g.jpg"
          },
          {
            "image_urls": [
              "https://www.edeka24.de/out/pictures/generated/product/1/224_224_90/felix_so_gut_wie_es_aussieht_geschmacksvielfalt_aus_dem_wasser_12x85g.jpg"
            ],
            "ItemTitle": "Felix so gut wie es aussieht Geschmacksvielfalt aus dem Wasser 12x85g",
            "ItemPrice": "4,79€",
            "ItemUnit": "4,70€/kg",
            "local_image_path": "Drogerie/Tiernahrung/felix_so_gut_wie_es_aussieht_geschmacksvielfalt_aus_dem_wasser_12x85g.jpg"
          },
          {
            "image_urls": [
              "https://www.edeka24.de/out/pictures/generated/product/1/224_224_90/felixsgweavielfaltlandgelee24er.jpg"
            ],
            "ItemTitle": "Felix so gut wie es aussieht Geschmacksvielfalt vom Land 24x85g",
            "ItemPrice": "9,99€",
            "ItemUnit": "4,90€/kg",
            "local_image_path": "Drogerie/Tiernahrung/felixsgweavielfaltlandgelee24er.jpg"
          },
          {
            "image_urls": [
              "https://www.edeka24.de/out/pictures/generated/product/1/224_224_90/felixsgweakabeljaugelee.jpg"
            ],
            "ItemTitle": "Felix so gut wie es aussieht Kabeljau in Gelee 85G",
            "ItemPrice": "0,59€",
            "ItemUnit": "6,94€/kg",
            "local_image_path": "Drogerie/Tiernahrung/felixsgweakabeljaugelee.jpg"
          },
          {
            "image_urls": [
              "https://www.edeka24.de/out/pictures/generated/product/1/224_224_90/felix_so_gut_wie_es_aussieht_kaninchen_85g.jpg"
            ],
            "ItemTitle": "Felix So Gut Wie Es Aussieht Kaninchen in Gelee 85G",
            "ItemPrice": "0,59€",
            "ItemUnit": "6,94€/kg",
            "local_image_path": "Drogerie/Tiernahrung/felix_so_gut_wie_es_aussieht_kaninchen_85g.jpg"
          },
          {
            "image_urls": [
              "https://www.edeka24.de/out/pictures/generated/product/1/224_224_90/felix_soup_geschmacksvielfalt_aus_dem_wasser_6x48g(1).jpg"
            ],
            "ItemTitle": "Felix Soup Geschmacksvielfalt aus dem Wasser 6x48G",
            "ItemPrice": "2,59€",
            "ItemUnit": "8,99€/kg",
            "local_image_path": "Drogerie/Tiernahrung/felix_soup_geschmacksvielfalt_aus_dem_wasser_6x48g(1).jpg"
          },
          {
            "image_urls": [
              "https://www.edeka24.de/out/pictures/generated/product/1/224_224_90/felix_soup_geschmacksvielfalt_vom_land_6x48g.jpg"
            ],
            "ItemTitle": "Felix Soup Original Rind, Huhn, Lamm 6x48g",
            "ItemPrice": "2,59€",
            "ItemUnit": "8,99€/kg",
            "local_image_path": "Drogerie/Tiernahrung/felix_soup_geschmacksvielfalt_vom_land_6x48g.jpg"
          },
          {
            "image_urls": [
              "https://www.edeka24.de/out/pictures/generated/product/1/224_224_90/felix_soup_tender_strips_land_6x48g.jpg"
            ],
            "ItemTitle": "Felix Soup Tender Strips Land 6x48G",
            "ItemPrice": "2,59€",
            "ItemUnit": "8,99€/kg",
            "local_image_path": "Drogerie/Tiernahrung/felix_soup_tender_strips_land_6x48g.jpg"
          },
          {
            "image_urls": [
              "https://www.edeka24.de/out/pictures/generated/product/1/224_224_90/felix_soup_tender_strips_rindhuhnthunfisch_6x48g.jpg"
            ],
            "ItemTitle": "Felix Soup Tender Strips Rind/Huhn/Thunfisch 6x48G",
            "ItemPrice": "2,59€",
            "ItemUnit": "8,99€/kg",
            "local_image_path": "Drogerie/Tiernahrung/felix_soup_tender_strips_rindhuhnthunfisch_6x48g.jpg"
          },
          {
            "image_urls": [
              "https://www.edeka24.de/out/pictures/generated/product/1/224_224_90/felix_soup_tender_strips_wasser_6x48g(1).jpg"
            ],
            "ItemTitle": "Felix Soup Tender Strips Wasser 6x48G",
            "ItemPrice": "2,59€",
            "ItemUnit": "8,99€/kg",
            "local_image_path": "Drogerie/Tiernahrung/felix_soup_tender_strips_wasser_6x48g(1).jpg"
          },
          {
            "image_urls": [
              "https://www.edeka24.de/out/pictures/generated/product/1/224_224_90/felixtastyshredswasser.jpg"
            ],
            "ItemTitle": "Felix Tasty Shreds Geschmacksvielfalt aus dem Wasser 10x80G",
            "ItemPrice": "4,79€",
            "ItemUnit": "5,99€/kg",
            "local_image_path": "Drogerie/Tiernahrung/felixtastyshredswasser.jpg"
          },
          {
            "image_urls": [
              "https://www.edeka24.de/out/pictures/generated/product/1/224_224_90/felixtastygvland.jpg"
            ],
            "ItemTitle": "Felix Tasty Shreds Geschmacksvielfalt vom Land 10x 80G",
            "ItemPrice": "4,79€",
            "ItemUnit": "5,99€/kg",
            "local_image_path": "Drogerie/Tiernahrung/felixtastygvland.jpg"
          },
          {
            "image_urls": [
              "https://www.edeka24.de/out/pictures/generated/product/1/224_224_90/gutampampgamp220nstig_knusper_menamp252_mit_huhn_famp252r_katzen_2kg.jpg"
            ],
            "ItemTitle": "Gut & Günstig Hello My Cat Knusper Menü mit Huhn 2KG",
            "ItemPrice": "2,49€",
            "ItemUnit": "1,25€/kg",
            "local_image_path": "Drogerie/Tiernahrung/gutampampgamp220nstig_knusper_menamp252_mit_huhn_famp252r_katzen_2kg.jpg"
          },
          {
            "image_urls": [
              "https://www.edeka24.de/out/pictures/generated/product/1/224_224_90/josicat_chicken_in_sauce_415g.jpg"
            ],
            "ItemTitle": "Josera JosiCat Chicken in Sauce 415G",
            "ItemPrice": "1,19€",
            "ItemUnit": "2,87€/kg",
            "local_image_path": "Drogerie/Tiernahrung/josicat_chicken_in_sauce_415g.jpg"
          },
          {
            "image_urls": [
              "https://www.edeka24.de/out/pictures/generated/product/1/224_224_90/mnkankalb.jpg"
            ],
            "ItemTitle": "Müller's Naturhof Hundefutter Kalb & Kaninchen 400G",
            "ItemPrice": "2,49€",
            "ItemUnit": "6,23€/kg",
            "local_image_path": "Drogerie/Tiernahrung/mnkankalb.jpg"
          },
          {
            "image_urls": [
              "https://www.edeka24.de/out/pictures/generated/product/1/224_224_90/mllerrindente.jpg"
            ],
            "ItemTitle": "Müller's Naturhof Rind & Ente mit Gartengemüse & Wiesenkräutern 400G",
            "ItemPrice": "2,49€",
            "ItemUnit": "6,23€/kg",
            "local_image_path": "Drogerie/Tiernahrung/mllerrindente.jpg"
          },
          {
            "image_urls": [
              "https://www.edeka24.de/out/pictures/generated/product/1/224_224_90/purinaoneadultzartestckchensoehuhngrnebohnen.jpg"
            ],
            "ItemTitle": "One Cat Adult zarte Stückchen in Soße mit Huhn 85G",
            "ItemPrice": "0,89€",
            "ItemUnit": "10,47€/kg",
            "local_image_path": "Drogerie/Tiernahrung/purinaoneadultzartestckchensoehuhngrnebohnen.jpg"
          },
          {
            "image_urls": [
              "https://www.edeka24.de/out/pictures/generated/product/1/224_224_90/purinaoneindoorformulathunfischgrnebohnenjpg.jpg"
            ],
            "ItemTitle": "One Cat Indoor Formula zarte Stückchen in Soße mit Thunfisch 85G",
            "ItemPrice": "0,89€",
            "ItemUnit": "10,47€/kg",
            "local_image_path": "Drogerie/Tiernahrung/purinaoneindoorformulathunfischgrnebohnenjpg.jpg"
          },
          {
            "image_urls": [
              "https://www.edeka24.de/out/pictures/generated/product/1/224_224_90/one-sensetiv-huhn.jpg"
            ],
            "ItemTitle": "One Cat Sensitive Zarte Stückchen in Soße mit Huhn und Karotten 85G",
            "ItemPrice": "0,89€",
            "ItemUnit": "10,47€/kg",
            "local_image_path": "Drogerie/Tiernahrung/one-sensetiv-huhn.jpg"
          },
          {
            "image_urls": [
              "https://www.edeka24.de/out/pictures/generated/product/1/224_224_90/pets_unlimited_kaustick_mit_ente_medium_4st_100g.jpg"
            ],
            "ItemTitle": "Pets Unlimited Chewy Stick With Duck 100G  MHD 19.09.2023",
            "ItemSalePrice": "1,60€",
            "ItemUnit": "16,00€/kg",
            "local_image_path": "Jetzt wird gerettet!/default_subcategory/pets_unlimited_kaustick_mit_ente_medium_4st_100g.jpg"
          },
          {
            "image_urls": [
              "https://www.edeka24.de/out/pictures/generated/product/1/224_224_90/vitakraftcatstickclassicgeflgelleber.jpg"
            ],
            "ItemTitle": "Vitakraft Cat Stick Classic Geflügel & Leber 3x 6G",
            "ItemPrice": "0,95€",
            "ItemUnit": "52,78€/kg",
            "local_image_path": "Drogerie/Tiernahrung/vitakraftcatstickclassicgeflgelleber.jpg"
          },
          {
            "image_urls": [
              "https://www.edeka24.de/out/pictures/generated/product/1/224_224_90/vitakraft_cat_yums_leberwurst_40g.jpg"
            ],
            "ItemTitle": "Vitakraft Cat Yums Leberwurst 40G",
            "ItemPrice": "1,59€",
            "ItemUnit": "39,75€/kg",
            "local_image_path": "Drogerie/Tiernahrung/vitakraft_cat_yums_leberwurst_40g.jpg"
          },
          {
            "image_urls": [
              "https://www.edeka24.de/out/pictures/generated/product/1/224_224_90/2017-02-1417_30_38-catstickminitruthahnlamm__vitakraftonlineshop.jpg"
            ],
            "ItemTitle": "Vitakraft Cat-Stick mini Truthahn und Lamm",
            "ItemPrice": "0,95€",
            "ItemUnit": "52,78€/kg",
            "local_image_path": "Drogerie/Tiernahrung/2017-02-1417_30_38-catstickminitruthahnlamm__vitakraftonlineshop.jpg"
          },
          {
            "image_urls": [
              "https://www.edeka24.de/out/pictures/generated/product/1/224_224_90/vitakraft_poesie_creation_pute_in_kamp228sesauce_85g.jpg"
            ],
            "ItemTitle": "Vitakraft Poesie Creation Pute in Käsesauce 85G",
            "ItemPrice": "0,59€",
            "ItemUnit": "6,94€/kg",
            "local_image_path": "Drogerie/Tiernahrung/vitakraft_poesie_creation_pute_in_kamp228sesauce_85g.jpg"
          },
          {
            "image_urls": [
              "https://www.edeka24.de/out/pictures/generated/product/1/224_224_90/vitakraft_kaustangen_huhn_80g.jpg"
            ],
            "ItemTitle": "Vitakraft Pure Chicken Bonas Kaustangen Huhn 80G",
            "ItemPrice": "2,49€",
            "ItemUnit": "31,13€/kg",
            "local_image_path": "Drogerie/Tiernahrung/vitakraft_kaustangen_huhn_80g.jpg"
          },
          {
            "image_urls": [
              "https://www.edeka24.de/out/pictures/generated/product/1/224_224_90/msc_vitakraft_hamp252hnchenampampfisch_80g.jpg"
            ],
            "ItemTitle": "Vitakraft Pure Chicken Duo Fish 80G",
            "ItemPrice": "2,49€",
            "ItemUnit": "31,13€/kg",
            "local_image_path": "Drogerie/Tiernahrung/msc_vitakraft_hamp252hnchenampampfisch_80g.jpg"
          },
          {
            "image_urls": [
              "https://www.edeka24.de/out/pictures/generated/product/1/224_224_90/vitakraftzwergkaninchenlifepower2.jpg"
            ],
            "ItemTitle": "Vitakraft Zwergkaninchenfutter Life Power 600g",
            "ItemPrice": "4,29€",
            "ItemUnit": "7,15€/kg",
            "local_image_path": "Drogerie/Tiernahrung/vitakraftzwergkaninchenlifepower2.jpg"
          },
          {
            "image_urls": [
              "https://www.edeka24.de/out/pictures/generated/product/1/224_224_90/wildes_land_hund_trockenfutter_rind_1kg.jpg"
            ],
            "ItemTitle": "Wildes Land Adult Rind mit Kartoffeln und Wildkräutern 1KG",
            "ItemPrice": "10,99€",
            "ItemUnit": "10,99€/kg",
            "local_image_path": "Drogerie/Tiernahrung/wildes_land_hund_trockenfutter_rind_1kg.jpg"
          },
          {
            "image_urls": [
              "https://www.edeka24.de/out/pictures/generated/product/1/224_224_90/4paws_amber_valley_perlhuhnampamplandgemamp252se_300g.jpg"
            ],
            "ItemTitle": "4 Paws Amber Valley Premium Pastete Perlhuhn & Landgemüse 300G",
            "ItemPrice": "2,29€",
            "ItemUnit": "7,63€/kg",
            "local_image_path": "Drogerie/Tiernahrung/4paws_amber_valley_perlhuhnampamplandgemamp252se_300g.jpg"
          },
          {
            "image_urls": [
              "https://www.edeka24.de/out/pictures/generated/product/1/224_224_90/msc_4paws_blue_lake_reich_an_hamp252hnchen_und_msc_fisch_mit_samp252sskartoffel_400g.jpg"
            ],
            "ItemTitle": "4 Paws Blue Lake Premium Trockenfutter reich an MSC Fisch mit Süsskartoffel 400G",
            "ItemPrice": "3,29€",
            "ItemUnit": "8,23€/kg",
            "local_image_path": "Drogerie/Tiernahrung/msc_4paws_blue_lake_reich_an_hamp252hnchen_und_msc_fisch_mit_samp252sskartoffel_400g.jpg"
          },
          {
            "image_urls": [
              "https://www.edeka24.de/out/pictures/generated/product/1/224_224_90/4paws_neuseelandlamm_karotteampampthymian_300g.jpg"
            ],
            "ItemTitle": "4 Paws Green Field Premium Pastete Neuseelandlamm, Karotte & Thymian 300G",
            "ItemPrice": "2,29€",
            "ItemUnit": "7,63€/kg",
            "local_image_path": "Drogerie/Tiernahrung/4paws_neuseelandlamm_karotteampampthymian_300g.jpg"
          },
          {
            "image_urls": [
              "https://www.edeka24.de/out/pictures/generated/product/1/224_224_90/4_paws_amber_valley_perlhuhn_amp_landgemse_85g.jpg"
            ],
            "ItemTitle": "4Paws Amber Valley Perlhuhn & Landgemüse 85G",
            "ItemPrice": "1,49€",
            "ItemUnit": "17,53€/kg",
            "local_image_path": "Drogerie/Tiernahrung/4_paws_amber_valley_perlhuhn_amp_landgemse_85g.jpg"
          },
          {
            "image_urls": [
              "https://www.edeka24.de/out/pictures/generated/product/1/224_224_90/4paws_green_field_neuseelandlamm_karotteampampthymian_85g.jpg"
            ],
            "ItemTitle": "4Paws Green Field Premium Pastete Neuseelandlamm, Karotte & Thymian 85G",
            "ItemPrice": "1,49€",
            "ItemUnit": "17,53€/kg",
            "local_image_path": "Drogerie/Tiernahrung/4paws_green_field_neuseelandlamm_karotteampampthymian_85g.jpg"
          },
          {
            "image_urls": [
              "https://www.edeka24.de/out/pictures/generated/product/1/224_224_90/msc_4paws_wild_river_wildlachs_und_dill_85g.jpg"
            ],
            "ItemTitle": "4Paws Wild River Wildlachs und Dill 85G",
            "ItemPrice": "1,49€",
            "ItemUnit": "17,53€/kg",
            "local_image_path": "Drogerie/Tiernahrung/msc_4paws_wild_river_wildlachs_und_dill_85g.jpg"
          },
          {
            "image_urls": [
              "https://www.edeka24.de/out/pictures/generated/product/1/224_224_90/nbadultnudama.jpg"
            ],
            "ItemTitle": "Best Nature Kaninchen & Huhn mit Nudeln & Amarant 400G",
            "ItemPrice": "2,79€",
            "ItemUnit": "6,98€/kg",
            "local_image_path": "Drogerie/Tiernahrung/nbadultnudama.jpg"
          },
          {
            "image_urls": [
              "https://www.edeka24.de/out/pictures/generated/product/1/224_224_90/nbadultrindpute.jpg"
            ],
            "ItemTitle": "Best Nature Pute & Rind mit feinen Karotten & Fenchel 400G",
            "ItemPrice": "2,79€",
            "ItemUnit": "6,98€/kg",
            "local_image_path": "Drogerie/Tiernahrung/nbadultrindpute.jpg"
          },
          {
            "image_urls": [
              "https://www.edeka24.de/out/pictures/generated/product/1/224_224_90/bnadultreisdistell.jpg"
            ],
            "ItemTitle": "Best Nature Rind mit Reis & Distelöl 400G",
            "ItemPrice": "2,79€",
            "ItemUnit": "6,98€/kg",
            "local_image_path": "Drogerie/Tiernahrung/bnadultreisdistell.jpg"
          },
          {
            "image_urls": [
              "https://www.edeka24.de/out/pictures/generated/product/1/224_224_90/bnadultwildhuhn.jpg"
            ],
            "ItemTitle": "Best Nature Wild & Huhn mit Vollkornnudeln, Preiselbeeren & Sonnenblumenöl 400G",
            "ItemPrice": "2,79€",
            "ItemUnit": "6,98€/kg",
            "local_image_path": "Drogerie/Tiernahrung/bnadultwildhuhn.jpg"
          },
          {
            "image_urls": [
              "https://www.edeka24.de/out/pictures/generated/product/1/224_224_90/cadora_erlesene_vielfalt_in_gelee_8x85g.jpg"
            ],
            "ItemTitle": "Cadora Erlesene Vielfalt in Gelee 8x 85G",
            "ItemPrice": "3,49€",
            "ItemUnit": "5,13€/kg",
            "local_image_path": "Drogerie/Tiernahrung/cadora_erlesene_vielfalt_in_gelee_8x85g.jpg"
          },
          {
            "image_urls": [
              "https://www.edeka24.de/out/pictures/generated/product/1/224_224_90/cadora_erlesene_vielfalt_in_sauce_8x85g.jpg"
            ],
            "ItemTitle": "Cadora Erlesene Vielfalt in Sauce 8x 85G",
            "ItemPrice": "3,49€",
            "ItemUnit": "5,13€/kg",
            "local_image_path": "Drogerie/Tiernahrung/cadora_erlesene_vielfalt_in_sauce_8x85g.jpg"
          },
          {
            "image_urls": [
              "https://www.edeka24.de/out/pictures/generated/product/1/224_224_90/cadora_softkern_katzenmilch_in_pate_85g.jpg"
            ],
            "ItemTitle": "Cadora Softkern Mousse reich an Leber mit Herz mit Katzenmilchkern 85G",
            "ItemPrice": "0,55€",
            "ItemUnit": "6,47€/kg",
            "local_image_path": "Drogerie/Tiernahrung/cadora_softkern_katzenmilch_in_pate_85g.jpg"
          },
          {
            "image_urls": [
              "https://www.edeka24.de/out/pictures/generated/product/1/224_224_90/cadora_softkern_tomate_in_pate_85g.jpg"
            ],
            "ItemTitle": "Cadora Softkern Mousse reich an Rind mit Tomatenkern 85G",
            "ItemPrice": "0,55€",
            "ItemUnit": "6,47€/kg",
            "local_image_path": "Drogerie/Tiernahrung/cadora_softkern_tomate_in_pate_85g.jpg"
          },
          {
            "image_urls": [
              "https://www.edeka24.de/out/pictures/generated/product/1/224_224_90/cadora_vital_supreme_adult_600g.jpg"
            ],
            "ItemTitle": "Cadora Vital Supreme Adult reich an Frischgeflügel 600G",
            "ItemPrice": "2,79€",
            "ItemUnit": "4,65€/kg",
            "local_image_path": "Drogerie/Tiernahrung/cadora_vital_supreme_adult_600g.jpg"
          },
          {
            "image_urls": [
              "https://www.edeka24.de/out/pictures/generated/product/1/224_224_90/cadora_vital_supreme_sensitive_600g.jpg"
            ],
            "ItemTitle": "Cadora Vital Supreme Sensitive reich an Frischgeflügel 600G",
            "ItemPrice": "2,79€",
            "ItemUnit": "4,65€/kg",
            "local_image_path": "Drogerie/Tiernahrung/cadora_vital_supreme_sensitive_600g.jpg"
          },
          {
            "image_urls": [
              "https://www.edeka24.de/out/pictures/generated/product/1/224_224_90/dokas_hamp252hnchenrolle_mit_rind_10g.jpg"
            ],
            "ItemTitle": "Dokas Hähnchen-Rolle mit Rind 10G",
            "ItemPrice": "0,79€",
            "ItemUnit": "79,00€/kg",
            "local_image_path": "Drogerie/Tiernahrung/dokas_hamp252hnchenrolle_mit_rind_10g.jpg"
          },
          {
            "image_urls": [
              "https://www.edeka24.de/out/pictures/generated/product/1/224_224_90/donathenerbox.jpg"
            ],
            "ItemTitle": "Donath Energie Box 1,2,3 360g",
            "ItemPrice": "3,99€",
            "ItemUnit": "11,08€/kg",
            "local_image_path": "Drogerie/Tiernahrung/donathenerbox.jpg"
          },
          {
            "image_urls": [
              "https://www.edeka24.de/out/pictures/generated/product/1/224_224_90/donathenerkndinsekt.jpg"
            ],
            "ItemTitle": "Donath Vogelfutter Energie Knödel Insekten Bio-Netz 600G",
            "ItemPrice": "3,99€",
            "ItemUnit": "6,65€/kg",
            "local_image_path": "Bio-Produkte/Bio Marken/donathenerkndinsekt.jpg"
          },
          {
            "image_urls": [
              "https://www.edeka24.de/out/pictures/generated/product/1/224_224_90/donathenerkndklass.jpg"
            ],
            "ItemTitle": "Donath Vogelfutter Energie Knödel Klassisch Bio-Netz 600G",
            "ItemPrice": "3,79€",
            "ItemUnit": "6,32€/kg",
            "local_image_path": "Bio-Produkte/Bio Marken/donathenerkndklass.jpg"
          },
          {
            "image_urls": [
              "https://www.edeka24.de/out/pictures/generated/product/1/224_224_90/donathenergiemix.jpg"
            ],
            "ItemTitle": "Donath Vogelfutter Energie Mix 1KG",
            "ItemPrice": "5,49€",
            "ItemUnit": "5,49€/kg",
            "local_image_path": "Drogerie/Tiernahrung/donathenergiemix.jpg"
          },
          {
            "image_urls": [
              "https://www.edeka24.de/out/pictures/generated/product/1/224_224_90/edeka_entenfilet_xxl_250g.jpg"
            ],
            "ItemTitle": "EDEKA Entenfilet XXL 250G",
            "ItemPrice": "4,29€",
            "ItemUnit": "17,16€/kg",
            "local_image_path": "Drogerie/Tiernahrung/edeka_entenfilet_xxl_250g.jpg"
          },
          {
            "image_urls": [
              "https://www.edeka24.de/out/pictures/generated/product/1/224_224_90/huhnleber.jpg"
            ],
            "ItemTitle": "EDEKA Feine Mahlzeit Huhn & Leber 400G",
            "ItemPrice": "1,19€",
            "ItemUnit": "2,98€/kg",
            "local_image_path": "Drogerie/Tiernahrung/huhnleber.jpg"
          },
          {
            "image_urls": [
              "https://www.edeka24.de/out/pictures/generated/product/1/224_224_90/edeka_feine_mahlzeit_hund_reich_an_huhn_mit_schwein_rind_und_pute_400g.jpg"
            ],
            "ItemTitle": "EDEKA Feine Mahlzeit Hund Reich an Huhn mit Schwein, Rind und Pute 400G",
            "ItemPrice": "0,89€",
            "ItemUnit": "2,23€/kg",
            "local_image_path": "Drogerie/Tiernahrung/edeka_feine_mahlzeit_hund_reich_an_huhn_mit_schwein_rind_und_pute_400g.jpg"
          },
          {
            "image_urls": [
              "https://www.edeka24.de/out/pictures/generated/product/1/224_224_90/edeka_feine_mahlzeit_junior_mit_geflgel_hundefutter_nass_400_g(1).jpg"
            ],
            "ItemTitle": "EDEKA Feine Mahlzeit Junior mit Rind & Huhn 400G",
            "ItemPrice": "1,19€",
            "ItemUnit": "2,98€/kg",
            "local_image_path": "Drogerie/Tiernahrung/edeka_feine_mahlzeit_junior_mit_geflgel_hundefutter_nass_400_g(1).jpg"
          },
          {
            "image_urls": [
              "https://www.edeka24.de/out/pictures/generated/product/1/224_224_90/edeka_dein_liebstes_pastete_mit_rind_amp_leber_katzenfutter_nass_400_g.jpg"
            ],
            "ItemTitle": "EDEKA Feine Mahlzeit Pastete mit Rind & Leber 400G",
            "ItemPrice": "1,19€",
            "ItemUnit": "2,98€/kg",
            "local_image_path": "Drogerie/Tiernahrung/edeka_dein_liebstes_pastete_mit_rind_amp_leber_katzenfutter_nass_400_g.jpg"
          },
          {
            "image_urls": [
              "https://www.edeka24.de/out/pictures/generated/product/1/224_224_90/wildtruthahn.jpg"
            ],
            "ItemTitle": "EDEKA Feine Mahlzeit Wild & Truthahn in Gelee 400G",
            "ItemPrice": "1,19€",
            "ItemUnit": "2,98€/kg",
            "local_image_path": "Drogerie/Tiernahrung/wildtruthahn.jpg"
          },
          {
            "image_urls": [
              "https://www.edeka24.de/out/pictures/generated/product/1/224_224_90/edeka_feine_bissen_junior_hundefutter_nass_150_g.jpg"
            ],
            "ItemTitle": "EDEKA Feine Pastete Junior mit Huhn 150G",
            "ItemPrice": "0,59€",
            "ItemUnit": "3,93€/kg",
            "local_image_path": "Drogerie/Tiernahrung/edeka_feine_bissen_junior_hundefutter_nass_150_g.jpg"
          },
          {
            "image_urls": [
              "https://www.edeka24.de/out/pictures/generated/product/1/224_224_90/edeka_feine_bissen_mit_geflgel_hundefutter_nass_150_g.jpg"
            ],
            "ItemTitle": "EDEKA Feine Pastete mit Huhn & Truthan 11x150G",
            "ItemPrice": "6,49€",
            "ItemUnit": "3,93€/kg",
            "local_image_path": "Drogerie/Tiernahrung/edeka_feine_bissen_mit_geflgel_hundefutter_nass_150_g.jpg"
          },
          {
            "image_urls": [
              "https://www.edeka24.de/out/pictures/generated/product/1/224_224_90/edeka_feine_bissen_mit_geflgel_hundefutter_nass_150_g.jpg"
            ],
            "ItemTitle": "EDEKA Feine Pastete mit Huhn & Truthan 150G",
            "ItemPrice": "0,59€",
            "ItemUnit": "3,93€/kg",
            "local_image_path": "Drogerie/Tiernahrung/edeka_feine_bissen_mit_geflgel_hundefutter_nass_150_g.jpg"
          }
        ]
      }
    ]
  },
  {
    "CategoryTitle": "Drogerie",
    "Subcategories": [
      {
        "subcategoryTitle": "Reinigen & Waschen",
        "productItems": [
          {
            "image_urls": [
              "https://www.edeka24.de/out/pictures/generated/product/1/224_224_90/softlan_paradise_weichspamp252ler_orange_650ml_31wl.jpg"
            ],
            "ItemTitle": "Softlan Weichspüler Bouquet Der Düfte 650ML 31WL",
            "ItemPrice": "2,19€",
            "ItemUnit": "0,07€/por",
            "local_image_path": "Drogerie/Reinigen & Waschen/softlan_paradise_weichspamp252ler_orange_650ml_31wl.jpg"
          },
          {
            "image_urls": [
              "https://www.edeka24.de/out/pictures/generated/product/1/224_224_90/frosch_zitronen_wcreiniger_750ml.jpg"
            ],
            "ItemTitle": "Frosch Zitronen WC-Reiniger 750ML",
            "ItemPrice": "2,49€",
            "ItemUnit": "3,32€/l",
            "local_image_path": "Drogerie/Reinigen & Waschen/frosch_zitronen_wcreiniger_750ml.jpg"
          },
          {
            "image_urls": [
              "https://www.edeka24.de/out/pictures/generated/product/1/224_224_90/coral_optimal_color_pulver_22wl_143kg.jpg"
            ],
            "ItemTitle": "Coral Optimal Color Waschpulver 1,43KG 22WL",
            "ItemPrice": "4,79€",
            "ItemUnit": "0,22€/por",
            "local_image_path": "Drogerie/Reinigen & Waschen/coral_optimal_color_pulver_22wl_143kg.jpg"
          },
          {
            "image_urls": [
              "https://www.edeka24.de/out/pictures/generated/product/1/224_224_90/airwick_premium_duftspray_pure_kirschblamp252tenzauber_250ml.jpg"
            ],
            "ItemTitle": "Airwick Duftspray Pure Kirschblütenzauber 250ML",
            "ItemPrice": "3,29€",
            "ItemUnit": "13,16€/l",
            "local_image_path": "Drogerie/Reinigen & Waschen/airwick_premium_duftspray_pure_kirschblamp252tenzauber_250ml.jpg"
          },
          {
            "image_urls": [
              "https://www.edeka24.de/out/pictures/generated/product/1/224_224_90/priloriginal.jpg"
            ],
            "ItemTitle": "Pril Original 5+ Handspülmittel 675ML",
            "ItemPrice": "1,99€",
            "ItemUnit": "2,95€/l",
            "local_image_path": "Drogerie/Reinigen & Waschen/priloriginal.jpg"
          },
          {
            "image_urls": [
              "https://www.edeka24.de/out/pictures/generated/product/1/224_224_90/somat_excellence_duo_power_gel_zitroneampamplimette_58wl_928ml(1).jpg"
            ],
            "ItemTitle": "Somat Excellence Duo Power Gel 928ML 58WL",
            "ItemPrice": "11,99€",
            "ItemUnit": "0,21€/por",
            "local_image_path": "Drogerie/Reinigen & Waschen/somat_excellence_duo_power_gel_zitroneampamplimette_58wl_928ml(1).jpg"
          },
          {
            "image_urls": [
              "https://www.edeka24.de/out/pictures/generated/product/1/224_224_90/aquablue4in1.png"
            ],
            "ItemTitle": "WC Ente Aqua Blue 4in1 Duftspüler",
            "ItemPrice": "1,39€",
            "ItemUnit": "1,39€/st",
            "local_image_path": "Drogerie/Reinigen & Waschen/aquablue4in1.png"
          },
          {
            "image_urls": [
              "https://www.edeka24.de/out/pictures/generated/product/1/224_224_90/prilkraftgel.jpg"
            ],
            "ItemTitle": "Pril Kraft-Gel Ultra Plus 5+ Handspülmittel 450ML",
            "ItemPrice": "1,99€",
            "ItemUnit": "4,42€/l",
            "local_image_path": "Drogerie/Reinigen & Waschen/prilkraftgel.jpg"
          },
          {
            "image_urls": [
              "https://www.edeka24.de/out/pictures/generated/product/1/224_224_90/burti_noir_waschmittel_flamp252ssig_26wl_145l.jpg"
            ],
            "ItemTitle": "Burti Noir Waschmittel flüssig 1,45L 26WL",
            "ItemPrice": "3,79€",
            "ItemUnit": "0,15€/st",
            "local_image_path": "Drogerie/Reinigen & Waschen/burti_noir_waschmittel_flamp252ssig_26wl_145l.jpg"
          },
          {
            "image_urls": [
              "https://www.edeka24.de/out/pictures/generated/product/1/224_224_90/softlan_weichspamp252ler_purple_45wl_1l.jpg"
            ],
            "ItemTitle": "Softlan Ultra Weichspüler Traumfrisch 1L 45WL",
            "ItemPrice": "2,19€",
            "ItemUnit": "0,05€/por",
            "local_image_path": "Drogerie/Reinigen & Waschen/softlan_weichspamp252ler_purple_45wl_1l.jpg"
          },
          {
            "image_urls": [
              "https://www.edeka24.de/out/pictures/generated/product/1/224_224_90/somat_classic_77tabs_1278kg.jpg"
            ],
            "ItemTitle": "Somat Classic Tabs 77ST",
            "ItemPrice": "11,99€",
            "ItemUnit": "0,16€/st",
            "local_image_path": "Drogerie/Reinigen & Waschen/somat_classic_77tabs_1278kg.jpg"
          },
          {
            "image_urls": [
              "https://www.edeka24.de/out/pictures/generated/product/1/224_224_90/persil_universal_kraftgel_20wl_900ml.jpg"
            ],
            "ItemTitle": "Persil Universal Kraft-Gel Tiefenrein 900ML 20WL",
            "ItemPrice": "7,49€",
            "ItemUnit": "0,37€/por",
            "local_image_path": "Drogerie/Reinigen & Waschen/persil_universal_kraftgel_20wl_900ml.jpg"
          },
          {
            "image_urls": [
              "https://www.edeka24.de/out/pictures/generated/product/1/224_224_90/frosch-orangen-universal-reiniger-750ml.jpg"
            ],
            "ItemTitle": "Frosch Universalreiniger Orange 750ML",
            "ItemPrice": "2,29€",
            "ItemUnit": "3,05€/l",
            "local_image_path": "Drogerie/Reinigen & Waschen/frosch-orangen-universal-reiniger-750ml.jpg"
          },
          {
            "image_urls": [
              "https://www.edeka24.de/out/pictures/generated/product/1/224_224_90/somat_all_in_1_57tabs_1003kg.jpg"
            ],
            "ItemTitle": "Somat All in 1 Tabs 57ST",
            "ItemPrice": "11,99€",
            "ItemUnit": "0,21€/st",
            "local_image_path": "Drogerie/Reinigen & Waschen/somat_all_in_1_57tabs_1003kg.jpg"
          },
          {
            "image_urls": [
              "https://www.edeka24.de/out/pictures/generated/product/1/224_224_90/ecover_splmaschinentabs_all_in_one_22_tabs.jpg"
            ],
            "ItemTitle": "Ecover Spülmaschinentabs All in One 22ST",
            "ItemPrice": "5,99€",
            "ItemUnit": "0,27€/st",
            "local_image_path": "Drogerie/Reinigen & Waschen/ecover_splmaschinentabs_all_in_one_22_tabs.jpg"
          },
          {
            "image_urls": [
              "https://www.edeka24.de/out/pictures/generated/product/1/224_224_90/sidolin_cristal_trigger_500ml.jpg"
            ],
            "ItemTitle": "Sidolin Cristal Trigger 500ML",
            "ItemPrice": "2,29€",
            "ItemUnit": "4,58€/l",
            "local_image_path": "Drogerie/Reinigen & Waschen/sidolin_cristal_trigger_500ml.jpg"
          },
          {
            "image_urls": [
              "https://www.edeka24.de/out/pictures/generated/product/1/224_224_90/persil_universal_discs_16wl_400g.jpg"
            ],
            "ItemTitle": "Persil Universal 4in1 Discs 400G 16WL",
            "ItemPrice": "7,49€",
            "ItemUnit": "0,47€/por",
            "local_image_path": "Drogerie/Reinigen & Waschen/persil_universal_discs_16wl_400g.jpg"
          },
          {
            "image_urls": [
              "https://www.edeka24.de/out/pictures/generated/product/1/224_224_90/somat_all_in_1_pro_nature_56tabs_0896kg.jpg"
            ],
            "ItemTitle": "Somat All in 1 Pro Nature 56Tabs",
            "ItemPrice": "10,99€",
            "ItemUnit": "0,20€/st",
            "local_image_path": "Drogerie/Reinigen & Waschen/somat_all_in_1_pro_nature_56tabs_0896kg.jpg"
          },
          {
            "image_urls": [
              "https://www.edeka24.de/out/pictures/generated/product/1/224_224_90/frosch_allzweckreiniger_soda_500ml.jpg"
            ],
            "ItemTitle": "Frosch Allzweck-Reiniger Soda 500ML",
            "ItemPrice": "2,49€",
            "ItemUnit": "4,98€/l",
            "local_image_path": "Drogerie/Reinigen & Waschen/frosch_allzweckreiniger_soda_500ml.jpg"
          },
          {
            "image_urls": [
              "https://www.edeka24.de/out/pictures/generated/product/1/224_224_90/perwoll_renew_refresh_25wl_1375l.jpg"
            ],
            "ItemTitle": "Perwoll Renew Refresh 1,375L 25WL",
            "ItemPrice": "5,49€",
            "ItemUnit": "0,22€/por",
            "local_image_path": "Drogerie/Reinigen & Waschen/perwoll_renew_refresh_25wl_1375l.jpg"
          },
          {
            "image_urls": [
              "https://www.edeka24.de/out/pictures/generated/product/1/224_224_90/palmolive_ultra_original_handgeschirrspamp252lmittel_750ml.jpg"
            ],
            "ItemTitle": "Palmolive Ultra Original Handgeschirrspülmittel 750ML",
            "ItemPrice": "1,89€",
            "ItemUnit": "2,52€/l",
            "local_image_path": "Drogerie/Reinigen & Waschen/palmolive_ultra_original_handgeschirrspamp252lmittel_750ml.jpg"
          },
          {
            "image_urls": [
              "https://www.edeka24.de/out/pictures/generated/product/1/224_224_90/wc_frisch_kraftaktiv_pronature_minzeampampeukalyptus_50g.jpg"
            ],
            "ItemTitle": "WC Frisch Kraft Aktiv ProNature Minze & Eukalyptus 50G",
            "ItemPrice": "2,29€",
            "ItemUnit": "45,80€/kg",
            "local_image_path": "Drogerie/Reinigen & Waschen/wc_frisch_kraftaktiv_pronature_minzeampampeukalyptus_50g.jpg"
          },
          {
            "image_urls": [
              "https://www.edeka24.de/out/pictures/generated/product/1/224_224_90/burti_compact_feinwaschmittel_11kg_22wl.jpg"
            ],
            "ItemTitle": "Burti Compact Feinwaschmittel 1,1KG 22WL",
            "ItemPrice": "3,79€",
            "ItemUnit": "0,17€/por",
            "local_image_path": "Drogerie/Reinigen & Waschen/burti_compact_feinwaschmittel_11kg_22wl.jpg"
          },
          {
            "image_urls": [
              "https://www.edeka24.de/out/pictures/generated/product/1/224_224_90/weiamp223er_riese_color_gel_22wl_990ml.jpg"
            ],
            "ItemTitle": "Weißer Riese Color Gel 990ML 22WL",
            "ItemPrice": "4,99€",
            "ItemUnit": "0,23€/por",
            "local_image_path": "Drogerie/Reinigen & Waschen/weiamp223er_riese_color_gel_22wl_990ml.jpg"
          },
          {
            "image_urls": [
              "https://www.edeka24.de/out/pictures/generated/product/1/224_224_90/finish_glanz_und_klarspamp252ler_regular_xlpack_800ml.jpg"
            ],
            "ItemTitle": "Finish Glanz- und Klarspüler XL-Pack 800ML",
            "ItemPrice": "2,79€",
            "ItemUnit": "3,49€/l",
            "local_image_path": "Drogerie/Reinigen & Waschen/finish_glanz_und_klarspamp252ler_regular_xlpack_800ml.jpg"
          },
          {
            "image_urls": [
              "https://www.edeka24.de/out/pictures/generated/product/1/224_224_90/sagrotan_desinfektion_wschehygienespler_himmelsfrische_15l.jpg"
            ],
            "ItemTitle": "Sagrotan Desinfektion Wäsche-Hygienespüler Himmelsfrische 1,5L",
            "ItemPrice": "4,29€",
            "ItemUnit": "2,86€/l",
            "local_image_path": "Drogerie/Reinigen & Waschen/sagrotan_desinfektion_wschehygienespler_himmelsfrische_15l.jpg"
          },
          {
            "image_urls": [
              "https://www.edeka24.de/out/pictures/generated/product/1/224_224_90/coral_waschmittel_flamp252ssig_wasserlilieampamplimette_23wl_115l.jpg"
            ],
            "ItemTitle": "Coral Colorwaschmittel Dufterlebnis Wasserlilie & Limette 1,15L 23WL",
            "ItemPrice": "4,79€",
            "ItemUnit": "0,21€/por",
            "local_image_path": "Drogerie/Reinigen & Waschen/coral_waschmittel_flamp252ssig_wasserlilieampamplimette_23wl_115l.jpg"
          },
          {
            "image_urls": [
              "https://www.edeka24.de/out/pictures/generated/product/1/224_224_90/airwick_premium_duftspray_pure_framp252hlingsfrische_250ml.jpg"
            ],
            "ItemTitle": "Airwick Duftspray Pure Frühlingsfrische 250ML",
            "ItemPrice": "3,29€",
            "ItemUnit": "13,16€/l",
            "local_image_path": "Drogerie/Reinigen & Waschen/airwick_premium_duftspray_pure_framp252hlingsfrische_250ml.jpg"
          },
          {
            "image_urls": [
              "https://www.edeka24.de/out/pictures/generated/product/1/224_224_90/bref_power_wckraft_gel_gegen_schmutzampampverfamp228rbung_750ml.jpg"
            ],
            "ItemTitle": "Bref Power WC-Kraft Gel gegen Schmutz, Kalk & Verfärbungen 750ML",
            "ItemPrice": "3,29€",
            "ItemUnit": "4,39€/l",
            "local_image_path": "Drogerie/Reinigen & Waschen/bref_power_wckraft_gel_gegen_schmutzampampverfamp228rbung_750ml.jpg"
          },
          {
            "image_urls": [
              "https://www.edeka24.de/out/pictures/generated/product/1/224_224_90/vernel_weichspamp252ler_frischer_morgen_34wl_850ml.jpg"
            ],
            "ItemTitle": "Vernel Weichspüler Frischer Morgen 850ML 34WL",
            "ItemPrice": "2,49€",
            "ItemUnit": "0,07€/por",
            "local_image_path": "Drogerie/Reinigen & Waschen/vernel_weichspamp252ler_frischer_morgen_34wl_850ml.jpg"
          },
          {
            "image_urls": [
              "https://www.edeka24.de/out/pictures/generated/product/1/224_224_90/ecover_handsplmittel_zitrone_amp_aloe_vera_450ml.jpg"
            ],
            "ItemTitle": "Ecover Hand-Spülmittel Zitrone & Aloe Vera 450ML",
            "ItemPrice": "2,49€",
            "ItemUnit": "5,53€/l",
            "local_image_path": "Drogerie/Reinigen & Waschen/ecover_handsplmittel_zitrone_amp_aloe_vera_450ml.jpg"
          },
          {
            "image_urls": [
              "https://www.edeka24.de/out/pictures/generated/product/1/224_224_90/frosch_limone_handgeschirrspamp252lmittel_750ml.jpg"
            ],
            "ItemTitle": "Frosch Limone Handgeschirrspülmittel 750ML",
            "ItemPrice": "2,49€",
            "ItemUnit": "3,32€/l",
            "local_image_path": "Drogerie/Reinigen & Waschen/frosch_limone_handgeschirrspamp252lmittel_750ml.jpg"
          },
          {
            "image_urls": [
              "https://www.edeka24.de/out/pictures/generated/product/1/224_224_90/viss_kraftampampglanz_badampampdusche_750ml.jpg"
            ],
            "ItemTitle": "Viss Cleanboost Kraft & Glanz Bad & Dusche 750ML",
            "ItemPrice": "2,49€",
            "ItemUnit": "3,32€/l",
            "local_image_path": "Drogerie/Reinigen & Waschen/viss_kraftampampglanz_badampampdusche_750ml.jpg"
          },
          {
            "image_urls": [
              "https://www.edeka24.de/out/pictures/generated/product/1/224_224_90/softlan_weichspamp252ler_outdoor_fresh_45wl_1l.jpg"
            ],
            "ItemTitle": "Softlan Ultra Weichspüler Windfrisch 1L 45WL",
            "ItemPrice": "2,19€",
            "ItemUnit": "0,05€/por",
            "local_image_path": "Drogerie/Reinigen & Waschen/softlan_weichspamp252ler_outdoor_fresh_45wl_1l.jpg"
          },
          {
            "image_urls": [
              "https://www.edeka24.de/out/pictures/generated/product/1/224_224_90/froschzitronenscheuermilchputzen.jpg"
            ],
            "ItemTitle": "Frosch Zitronen Scheuermilch 500ML",
            "ItemPrice": "1,99€",
            "ItemUnit": "3,98€/l",
            "local_image_path": "Drogerie/Reinigen & Waschen/froschzitronenscheuermilchputzen.jpg"
          },
          {
            "image_urls": [
              "https://www.edeka24.de/out/pictures/generated/product/1/224_224_90/00nullnullwcurinstein-undkalkloeserve-ean5000204592320.jpg"
            ],
            "ItemTitle": "Null-Null WC Urinstein- & Kalklöser 750ML",
            "ItemPrice": "2,79€",
            "ItemUnit": "3,72€/l",
            "local_image_path": "Drogerie/Reinigen & Waschen/00nullnullwcurinstein-undkalkloeserve-ean5000204592320.jpg"
          },
          {
            "image_urls": [
              "https://www.edeka24.de/out/pictures/generated/product/1/224_224_90/vibasept_af_hygiene_reinigungstamp252cher_40st.jpg"
            ],
            "ItemTitle": "Vibasept Hygiene Reinigungstücher 40ST",
            "ItemPrice": "3,29€",
            "ItemUnit": "0,08€/st",
            "local_image_path": "Drogerie/Reinigen & Waschen/vibasept_af_hygiene_reinigungstamp252cher_40st.jpg"
          },
          {
            "image_urls": [
              "https://www.edeka24.de/out/pictures/generated/product/1/224_224_90/frosch_essigreiniger_1l.jpg"
            ],
            "ItemTitle": "Frosch Essig-Reiniger 1L",
            "ItemPrice": "2,49€",
            "ItemUnit": "2,49€/l",
            "local_image_path": "Drogerie/Reinigen & Waschen/frosch_essigreiniger_1l.jpg"
          },
          {
            "image_urls": [
              "https://www.edeka24.de/out/pictures/generated/product/1/224_224_90/softlan_weichspamp252ler_softnessampampcare_45wl_1l.jpg"
            ],
            "ItemTitle": "Softlan Ultra Weichspüler Weich & Mild 1L 45WL",
            "ItemPrice": "2,19€",
            "ItemUnit": "0,05€/por",
            "local_image_path": "Drogerie/Reinigen & Waschen/softlan_weichspamp252ler_softnessampampcare_45wl_1l.jpg"
          },
          {
            "image_urls": [
              "https://www.edeka24.de/out/pictures/generated/product/1/224_224_90/persil_universal_megaperls_16wl_112kg.jpg"
            ],
            "ItemTitle": "Persil Universal Megaperls 1,12KG 16WL",
            "ItemPrice": "7,49€",
            "ItemUnit": "0,47€/por",
            "local_image_path": "Drogerie/Reinigen & Waschen/persil_universal_megaperls_16wl_112kg.jpg"
          },
          {
            "image_urls": [
              "https://www.edeka24.de/out/pictures/generated/product/1/224_224_90/drbeckmann_aktivkohle_wcschaum_3x100g.jpg"
            ],
            "ItemTitle": "Dr.Beckmann Aktivkohle WC-Schaum 3x 100G",
            "ItemPrice": "3,49€",
            "ItemUnit": "11,63€/kg",
            "local_image_path": "Wein/ Spirituosen/Spirituosen/highland_park_18_jahre_single_malt_whisky.jpg"
          },
          {
            "image_urls": [
              "https://www.edeka24.de/out/pictures/generated/product/1/224_224_90/prilsensitive.jpg"
            ],
            "ItemTitle": "Pril Sensitive Aloe Vera Handspülmittel 450ML",
            "ItemPrice": "1,99€",
            "ItemUnit": "4,42€/l",
            "local_image_path": "Drogerie/Reinigen & Waschen/prilsensitive.jpg"
          },
          {
            "image_urls": [
              "https://www.edeka24.de/out/pictures/generated/product/1/224_224_90/finish_powerball_all_in_1_tabs_30st.jpg"
            ],
            "ItemTitle": "Finish Powerball All In 1 Tabs 30ST",
            "ItemPrice": "5,99€",
            "ItemUnit": "0,20€/st",
            "local_image_path": "Drogerie/Reinigen & Waschen/finish_powerball_all_in_1_tabs_30st.jpg"
          },
          {
            "image_urls": [
              "https://www.edeka24.de/out/pictures/generated/product/1/224_224_90/frosch_himbeere_handspamp252lgel_500ml.jpg"
            ],
            "ItemTitle": "Frosch Spül-Gel Himbeere 500ML",
            "ItemPrice": "2,49€",
            "ItemUnit": "4,98€/l",
            "local_image_path": "Drogerie/Reinigen & Waschen/frosch_himbeere_handspamp252lgel_500ml.jpg"
          },
          {
            "image_urls": [
              "https://www.edeka24.de/out/pictures/generated/product/1/224_224_90/cillit_bang_aktivschaum_seifenreste_amp_glanz_06_ltr.jpg"
            ],
            "ItemTitle": "Cillit Bang Bad-Aktivschaum Ultra Glanz 600ML",
            "ItemPrice": "3,99€",
            "ItemUnit": "6,65€/l",
            "local_image_path": "Drogerie/Reinigen & Waschen/cillit_bang_aktivschaum_seifenreste_amp_glanz_06_ltr.jpg"
          },
          {
            "image_urls": [
              "https://www.edeka24.de/out/pictures/generated/product/1/224_224_90/ecover_handsplmittel_granatapfel_amp_feige_450ml.jpg"
            ],
            "ItemTitle": "Ecover Hand-Spülmittel Granatapfel & Feige 450ML",
            "ItemPrice": "2,49€",
            "ItemUnit": "5,53€/l",
            "local_image_path": "Drogerie/Reinigen & Waschen/ecover_handsplmittel_granatapfel_amp_feige_450ml.jpg"
          },
          {
            "image_urls": [
              "https://www.edeka24.de/out/pictures/generated/product/1/224_224_90/spontex-scheuerschwamm-extra-stark.jpg"
            ],
            "ItemTitle": "Spontex Scheuerschwamm extra stark 2 Stück",
            "ItemPrice": "2,79€",
            "ItemUnit": "1,40€/st",
            "local_image_path": "Drogerie/Reinigen & Waschen/spontex-scheuerschwamm-extra-stark.jpg"
          },
          {
            "image_urls": [
              "https://www.edeka24.de/out/pictures/generated/product/1/224_224_90/wc_frisch_kraft_aktiv_blauspamp252ler_ozeanfrisch_100g.jpg"
            ],
            "ItemTitle": "WC Frisch Blau Kraft Aktiv Ozeanfrische 100G",
            "ItemPrice": "3,79€",
            "ItemUnit": "37,90€/kg",
            "local_image_path": "Drogerie/Reinigen & Waschen/wc_frisch_kraft_aktiv_blauspamp252ler_ozeanfrisch_100g.jpg"
          },
          {
            "image_urls": [
              "https://www.edeka24.de/out/pictures/generated/product/1/224_224_90/perwoll_renew_wolle_amp_feines_850g_17wl.jpg"
            ],
            "ItemTitle": "Perwoll Renew Wolle & Feines 850G 17WL",
            "ItemPrice": "5,49€",
            "ItemUnit": "0,32€/por",
            "local_image_path": "Drogerie/Reinigen & Waschen/perwoll_renew_wolle_amp_feines_850g_17wl.jpg"
          },
          {
            "image_urls": [
              "https://www.edeka24.de/out/pictures/generated/product/1/224_224_90/edeka_schmutzradierer_4_stck.jpg"
            ],
            "ItemTitle": "EDEKA Schmutz-Radierer 4 Stück",
            "ItemPrice": "2,29€",
            "ItemUnit": "0,57€/st",
            "local_image_path": "Drogerie/Reinigen & Waschen/edeka_schmutzradierer_4_stck.jpg"
          },
          {
            "image_urls": [
              "https://www.edeka24.de/out/pictures/generated/product/1/224_224_90/claro_products_2020_multitabs_30st.jpg"
            ],
            "ItemTitle": "Claro Multi Geschirrspültabs Alles in 1 30ST",
            "ItemPrice": "5,99€",
            "ItemUnit": "0,20€/st",
            "local_image_path": "Drogerie/Reinigen & Waschen/claro_products_2020_multitabs_30st.jpg"
          },
          {
            "image_urls": [
              "https://www.edeka24.de/out/pictures/generated/product/1/224_224_90/love_nature_badreiniger_moon_flower_470ml.jpg"
            ],
            "ItemTitle": "Love Nature Badreiniger Moonflower 470ML",
            "ItemPrice": "2,89€",
            "ItemUnit": "6,15€/l",
            "local_image_path": "Wein/ Spirituosen/Spirituosen/highland_park_18_jahre_single_malt_whisky.jpg"
          },
          {
            "image_urls": [
              "https://www.edeka24.de/out/pictures/generated/product/1/224_224_90/persil_universal_power_bars_16wl_472g.jpg"
            ],
            "ItemTitle": "Persil Universal Waschmittel Power Bars 472G 16WL",
            "ItemPrice": "7,49€",
            "ItemUnit": "0,47€/por",
            "local_image_path": "Drogerie/Reinigen & Waschen/persil_universal_power_bars_16wl_472g.jpg"
          },
          {
            "image_urls": [
              "https://www.edeka24.de/out/pictures/generated/product/1/224_224_90/swiffer_trockene_wischtcher_antistaub.jpg"
            ],
            "ItemTitle": "Swiffer trockene Wischtücher Anti-Staub 18ST",
            "ItemPrice": "3,29€",
            "ItemUnit": "",
            "local_image_path": "Drogerie/Reinigen & Waschen/swiffer_trockene_wischtcher_antistaub.jpg"
          },
          {
            "image_urls": [
              "https://www.edeka24.de/out/pictures/generated/product/1/224_224_90/wc_frisch_kraft_aktiv_blauspamp252ler_blamp252tenfrische_100g.jpg"
            ],
            "ItemTitle": "WC Frisch Blau Kraft Aktiv Blütenfrische 100G",
            "ItemPrice": "3,79€",
            "ItemUnit": "37,90€/kg",
            "local_image_path": "Drogerie/Reinigen & Waschen/wc_frisch_kraft_aktiv_blauspamp252ler_blamp252tenfrische_100g.jpg"
          },
          {
            "image_urls": [
              "https://www.edeka24.de/out/pictures/generated/product/1/224_224_90/dr.beckmannwaschmaschinenhygiene-reiniger.jpg"
            ],
            "ItemTitle": "Dr. Beckmann Waschmaschinen Hygiene-Reiniger 250G",
            "ItemPrice": "3,49€",
            "ItemUnit": "13,96€/kg",
            "local_image_path": "Drogerie/Reinigen & Waschen/dr.beckmannwaschmaschinenhygiene-reiniger.jpg"
          },
          {
            "image_urls": [
              "https://www.edeka24.de/out/pictures/generated/product/1/224_224_90/pril_original_limette_675ml.jpg"
            ],
            "ItemTitle": "Pril Original Limette 5+ Handspülmittel 675ML",
            "ItemPrice": "1,99€",
            "ItemUnit": "2,95€/l",
            "local_image_path": "Drogerie/Reinigen & Waschen/pril_original_limette_675ml.jpg"
          },
          {
            "image_urls": [
              "https://www.edeka24.de/out/pictures/generated/product/1/224_224_90/airwick_activ_gletscherfrische_375ml.jpg"
            ],
            "ItemTitle": "Airwick Activ Gletscherfrische 375ML",
            "ItemPrice": "3,79€",
            "ItemUnit": "10,11€/l",
            "local_image_path": "Drogerie/Reinigen & Waschen/airwick_activ_gletscherfrische_375ml.jpg"
          },
          {
            "image_urls": [
              "https://www.edeka24.de/out/pictures/generated/product/1/224_224_90/persil_discs_geruchsneutralsisation_16wl_400g.jpg"
            ],
            "ItemTitle": "Persil 4in1 Discs Tiefenrein Colorwaschmittel Geruchsneutralsisation 400G 16WL",
            "ItemPrice": "7,49€",
            "ItemUnit": "0,47€/por",
            "local_image_path": "Drogerie/Reinigen & Waschen/persil_discs_geruchsneutralsisation_16wl_400g.jpg"
          },
          {
            "image_urls": [
              "https://www.edeka24.de/out/pictures/generated/product/1/224_224_90/vibasept_af_hygienespray_250ml.jpg"
            ],
            "ItemTitle": "Vibasept Hygiene Spray desinfizierend 250ML",
            "ItemPrice": "2,49€",
            "ItemUnit": "9,96€/l",
            "local_image_path": "Drogerie/Reinigen & Waschen/vibasept_af_hygienespray_250ml.jpg"
          },
          {
            "image_urls": [
              "https://www.edeka24.de/out/pictures/generated/product/1/224_224_90/viss_reinigtdesinfiziert_multiflamp228chen_750ml.jpg"
            ],
            "ItemTitle": "Viss Cleanboost Reinigt + Desinfiziert Multi-Flächen 750ML",
            "ItemPrice": "2,49€",
            "ItemUnit": "3,32€/l",
            "local_image_path": "Drogerie/Reinigen & Waschen/viss_reinigtdesinfiziert_multiflamp228chen_750ml.jpg"
          },
          {
            "image_urls": [
              "https://www.edeka24.de/out/pictures/generated/product/1/224_224_90/frosch_fettentferner_grapefruit_500ml.jpg"
            ],
            "ItemTitle": "Frosch Fett-Entferner Grapefruit 500ML",
            "ItemPrice": "2,49€",
            "ItemUnit": "4,98€/l",
            "local_image_path": "Wein/ Spirituosen/Spirituosen/highland_park_18_jahre_single_malt_whisky.jpg"
          },
          {
            "image_urls": [
              "https://www.edeka24.de/out/pictures/generated/product/1/224_224_90/rorax_rohrfrei_power_gel_rohrreiniger_1l.jpg"
            ],
            "ItemTitle": "Rorax Rohrfrei Power Gel Rohrreiniger 1L",
            "ItemPrice": "3,49€",
            "ItemUnit": "3,49€/l",
            "local_image_path": "Drogerie/Reinigen & Waschen/rorax_rohrfrei_power_gel_rohrreiniger_1l.jpg"
          },
          {
            "image_urls": [
              "https://www.edeka24.de/out/pictures/generated/product/1/224_224_90/kuschelweich_vollwaschmittel_sommerwind_pulver_1216kg_19wl.jpg"
            ],
            "ItemTitle": "Kuschelweich Vollwaschmittel Sommerwind Pulver 1,216KG 19WL",
            "ItemPrice": "5,99€",
            "ItemUnit": "0,32€/por",
            "local_image_path": "Drogerie/Reinigen & Waschen/kuschelweich_vollwaschmittel_sommerwind_pulver_1216kg_19wl.jpg"
          },
          {
            "image_urls": [
              "https://www.edeka24.de/out/pictures/generated/product/1/224_224_90/finish_maschinentiefenreiniger_citrus_250ml.jpg"
            ],
            "ItemTitle": "Finish Maschinentiefenreiniger Citrus 250ML",
            "ItemPrice": "2,99€",
            "ItemUnit": "11,96€/l",
            "local_image_path": "Drogerie/Reinigen & Waschen/finish_maschinentiefenreiniger_citrus_250ml.jpg"
          },
          {
            "image_urls": [
              "https://www.edeka24.de/out/pictures/generated/product/1/224_224_90/somat_all_in_1_extra_54tabs_9504g.jpg"
            ],
            "ItemTitle": "Somat All in 1 Extra Tabs 54ST",
            "ItemPrice": "11,99€",
            "ItemUnit": "0,22€/st",
            "local_image_path": "Drogerie/Reinigen & Waschen/somat_all_in_1_extra_54tabs_9504g.jpg"
          },
          {
            "image_urls": [
              "https://www.edeka24.de/out/pictures/generated/product/1/224_224_90/perwoll_renew_color_25wl_1375l.jpg"
            ],
            "ItemTitle": "Perwoll Renew Color 1,375L 25WL",
            "ItemPrice": "5,49€",
            "ItemUnit": "0,22€/por",
            "local_image_path": "Drogerie/Reinigen & Waschen/perwoll_renew_color_25wl_1375l.jpg"
          },
          {
            "image_urls": [
              "https://www.edeka24.de/out/pictures/generated/product/1/224_224_90/bref_power_fettampampeingebrantes_750ml.jpg"
            ],
            "ItemTitle": "Bref Power Fett & Eingebranntes 750ML",
            "ItemPrice": "3,29€",
            "ItemUnit": "4,39€/l",
            "local_image_path": "Drogerie/Reinigen & Waschen/bref_power_fettampampeingebrantes_750ml.jpg"
          },
          {
            "image_urls": [
              "https://www.edeka24.de/out/pictures/generated/product/1/224_224_90/coral_waschmittel_all_in_1_caps_optimal_color_18wl_311g.jpg"
            ],
            "ItemTitle": "Coral All in 1 Caps Optimal Color 311G 18WL",
            "ItemPrice": "4,79€",
            "ItemUnit": "0,27€/por",
            "local_image_path": "Drogerie/Reinigen & Waschen/coral_waschmittel_all_in_1_caps_optimal_color_18wl_311g.jpg"
          },
          {
            "image_urls": [
              "https://www.edeka24.de/out/pictures/generated/product/1/224_224_90/spee_aktiv_gel_frischkick_22wl_990ml.jpg"
            ],
            "ItemTitle": "Spee Aktiv Gel Frisch-Kick 990ML 22WL",
            "ItemPrice": "4,99€",
            "ItemUnit": "0,23€/por",
            "local_image_path": "Drogerie/Reinigen & Waschen/spee_aktiv_gel_frischkick_22wl_990ml.jpg"
          },
          {
            "image_urls": [
              "https://www.edeka24.de/out/pictures/generated/product/1/224_224_90/viss_kraftampampglanz_kamp252che_750ml.jpg"
            ],
            "ItemTitle": "Viss Cleanboost Kraft & Glanz Küche 750ML",
            "ItemPrice": "2,49€",
            "ItemUnit": "3,32€/l",
            "local_image_path": "Drogerie/Reinigen & Waschen/viss_kraftampampglanz_kamp252che_750ml.jpg"
          },
          {
            "image_urls": [
              "https://www.edeka24.de/out/pictures/generated/product/1/224_224_90/heitmann_bio_schnell_entkalker.jpg"
            ],
            "ItemTitle": "Heitmann Bio Schnell Entkalker 250ML",
            "ItemPrice": "2,99€",
            "ItemUnit": "11,96€/l",
            "local_image_path": "Drogerie/Reinigen & Waschen/heitmann_bio_schnell_entkalker.jpg"
          },
          {
            "image_urls": [
              "https://www.edeka24.de/out/pictures/generated/product/1/224_224_90/sagrotan_desinfektion_hygienespray_pumpflasche_250_ml.jpg"
            ],
            "ItemTitle": "Sagrotan Desinfektion Hygiene-Spray Pumpflasche 250ML",
            "ItemPrice": "5,99€",
            "ItemUnit": "23,96€/l",
            "local_image_path": "Drogerie/Reinigen & Waschen/sagrotan_desinfektion_hygienespray_pumpflasche_250_ml.jpg"
          },
          {
            "image_urls": [
              "https://www.edeka24.de/out/pictures/generated/product/1/224_224_90/calgon_hygienetabs_468g_36st.jpg"
            ],
            "ItemTitle": "Calgon Hygiene+Tabs 468G 36ST",
            "ItemPrice": "10,99€",
            "ItemUnit": "0,31€/st",
            "local_image_path": "Drogerie/Reinigen & Waschen/calgon_hygienetabs_468g_36st.jpg"
          },
          {
            "image_urls": [
              "https://www.edeka24.de/out/pictures/generated/product/1/224_224_90/reiindertube.jpg"
            ],
            "ItemTitle": "Rei in der Tube 125ML",
            "ItemPrice": "2,29€",
            "ItemUnit": "18,32€/l",
            "local_image_path": "Drogerie/Reinigen & Waschen/reiindertube.jpg"
          },
          {
            "image_urls": [
              "https://www.edeka24.de/out/pictures/generated/product/1/224_224_90/finish_classic_reiniger_pulver_13kg.jpg"
            ],
            "ItemTitle": "Finish Classic Reiniger Pulver 1,3KG",
            "ItemPrice": "6,99€",
            "ItemUnit": "5,38€/kg",
            "local_image_path": "Drogerie/Reinigen & Waschen/finish_classic_reiniger_pulver_13kg.jpg"
          },
          {
            "image_urls": [
              "https://www.edeka24.de/out/pictures/generated/product/1/224_224_90/wc_ente_wc_active_3in1_citrus_40g.jpg"
            ],
            "ItemTitle": "WC Ente WC Active 3in1 Citrus 40G",
            "ItemPrice": "1,49€",
            "ItemUnit": "37,25€/kg",
            "local_image_path": "Drogerie/Reinigen & Waschen/wc_ente_wc_active_3in1_citrus_40g.jpg"
          },
          {
            "image_urls": [
              "https://www.edeka24.de/out/pictures/generated/product/1/224_224_90/somat_all_in_1_27tabs_4752g.jpg"
            ],
            "ItemTitle": "Somat All in 1 Tabs 27ST",
            "ItemPrice": "5,49€",
            "ItemUnit": "0,20€/st",
            "local_image_path": "Drogerie/Reinigen & Waschen/somat_all_in_1_27tabs_4752g.jpg"
          },
          {
            "image_urls": [
              "https://www.edeka24.de/out/pictures/generated/product/1/224_224_90/vanish_gold_power_gel_200_ml.jpg"
            ],
            "ItemTitle": "Vanish Power Gel Fleckentferner 200ML",
            "ItemPrice": "4,49€",
            "ItemUnit": "22,45€/l",
            "local_image_path": "Wein/ Spirituosen/Spirituosen/highland_park_18_jahre_single_malt_whisky.jpg"
          },
          {
            "image_urls": [
              "https://www.edeka24.de/out/pictures/generated/product/1/224_224_90/persil_discs_color_16wl_400g.jpg"
            ],
            "ItemTitle": "Persil Color Discs 4in1 Tiefenrein 400G 16WL",
            "ItemPrice": "7,49€",
            "ItemUnit": "0,47€/por",
            "local_image_path": "Drogerie/Reinigen & Waschen/persil_discs_color_16wl_400g.jpg"
          },
          {
            "image_urls": [
              "https://www.edeka24.de/out/pictures/generated/product/1/224_224_90/sagrotan_wcreinigungstamp252cher_60st.jpg"
            ],
            "ItemTitle": "Sagrotan WC- & Bad-Reinigungstücher 60ST",
            "ItemPrice": "3,99€",
            "ItemUnit": "0,07€/st",
            "local_image_path": "Drogerie/Reinigen & Waschen/sagrotan_wcreinigungstamp252cher_60st.jpg"
          },
          {
            "image_urls": [
              "https://www.edeka24.de/out/pictures/generated/product/1/224_224_90/claro_classic_amp214ko_tabs_40wl_640g.jpg"
            ],
            "ItemTitle": "Claro Classic Geschirrspültabs 40ST",
            "ItemPrice": "5,99€",
            "ItemUnit": "0,15€/st",
            "local_image_path": "Drogerie/Reinigen & Waschen/claro_classic_amp214ko_tabs_40wl_640g.jpg"
          },
          {
            "image_urls": [
              "https://www.edeka24.de/out/pictures/generated/product/1/224_224_90/wcente_total_aktiv_gel_marine_wave_750ml.jpg"
            ],
            "ItemTitle": "WC-Ente Total Aktiv Gel Marine Wave 750ML",
            "ItemPrice": "2,79€",
            "ItemUnit": "3,72€/l",
            "local_image_path": "Drogerie/Reinigen & Waschen/wcente_total_aktiv_gel_marine_wave_750ml.jpg"
          },
          {
            "image_urls": [
              "https://www.edeka24.de/out/pictures/generated/product/1/224_224_90/ecover_flamp252ssigwaschmittel_color_apfelblamp252teampampfreesie_1l.jpg"
            ],
            "ItemTitle": "Ecover Füssig-Waschmittel Color Apfelblüte & Freesie 1L 20WL",
            "ItemPrice": "7,29€",
            "ItemUnit": "0,36€/por",
            "local_image_path": "Drogerie/Reinigen & Waschen/ecover_flamp252ssigwaschmittel_color_apfelblamp252teampampfreesie_1l.jpg"
          },
          {
            "image_urls": [
              "https://www.edeka24.de/out/pictures/generated/product/1/224_224_90/persil_universal_pulver_20wl_12kg.jpg"
            ],
            "ItemTitle": "Persil Universal Pulver Tiefenrein 1,2KG 20WL",
            "ItemPrice": "7,49€",
            "ItemUnit": "0,37€/por",
            "local_image_path": "Drogerie/Reinigen & Waschen/persil_universal_pulver_20wl_12kg.jpg"
          },
          {
            "image_urls": [
              "https://www.edeka24.de/out/pictures/generated/product/1/224_224_90/cillit_bang_kraftreiniger_schwarzerweisser_schimmel_amp_hygiene_075_ltr.jpg"
            ],
            "ItemTitle": "Cillit Bang Kraftreiniger Schwarzer/Weisser Schimmel & Hygiene 0,75L",
            "ItemPrice": "3,99€",
            "ItemUnit": "5,32€/l",
            "local_image_path": "Wein/ Spirituosen/Spirituosen/highland_park_18_jahre_single_malt_whisky.jpg"
          },
          {
            "image_urls": [
              "https://www.edeka24.de/out/pictures/generated/product/1/224_224_90/biff_bad_total_zitrus_075l.jpg"
            ],
            "ItemTitle": "Biff Bad Total Zitrus 0,75L",
            "ItemPrice": "3,29€",
            "ItemUnit": "4,39€/l",
            "local_image_path": "Drogerie/Reinigen & Waschen/biff_bad_total_zitrus_075l.jpg"
          },
          {
            "image_urls": [
              "https://www.edeka24.de/out/pictures/generated/product/1/224_224_90/persil_sensitive_megaperls_16wl_112kg.jpg"
            ],
            "ItemTitle": "Persil Sensitive Megaperls 1,12KG 16WL",
            "ItemPrice": "7,49€",
            "ItemUnit": "0,47€/por",
            "local_image_path": "Wein/ Spirituosen/Spirituosen/highland_park_18_jahre_single_malt_whisky.jpg"
          },
          {
            "image_urls": [
              "https://www.edeka24.de/out/pictures/generated/product/1/224_224_90/cillit_bang_blue_wave_6_wcblauspamp252ler_ozean_frische_2x39g.jpg"
            ],
            "ItemTitle": "Cillit Bang Blue Wave 6 Blauspüler 2 Stück",
            "ItemPrice": "2,89€",
            "ItemUnit": "1,45€/st",
            "local_image_path": "Wein/ Spirituosen/Spirituosen/highland_park_18_jahre_single_malt_whisky.jpg"
          },
          {
            "image_urls": [
              "https://www.edeka24.de/out/pictures/generated/product/1/224_224_90/sagrotan_desinfektion_wschehygienespler_sensitiv_15_ltr.jpg"
            ],
            "ItemTitle": "Sagrotan Desinfektion Wäsche-Hygienespüler Sensitiv 1,5L",
            "ItemPrice": "4,29€",
            "ItemUnit": "2,86€/l",
            "local_image_path": "Wein/ Spirituosen/Spirituosen/highland_park_18_jahre_single_malt_whisky.jpg"
          },
          {
            "image_urls": [
              "https://www.edeka24.de/out/pictures/generated/product/1/224_224_90/viss_reinigtdesinfiziert_multiflamp228chen_750ml.jpg"
            ],
            "ItemTitle": "Viss Cleanboost Reinigt + Desinfiziert Multi-Flächen 750ML",
            "ItemPrice": "2,49€",
            "ItemUnit": "3,32€/l",
            "local_image_path": "Drogerie/Reinigen & Waschen/viss_reinigtdesinfiziert_multiflamp228chen_750ml.jpg"
          },
          {
            "image_urls": [
              "https://www.edeka24.de/out/pictures/generated/product/1/224_224_90/frosch_fettentferner_grapefruit_500ml.jpg"
            ],
            "ItemTitle": "Frosch Fett-Entferner Grapefruit 500ML",
            "ItemPrice": "2,49€",
            "ItemUnit": "4,98€/l",
            "local_image_path": "Wein/ Spirituosen/Spirituosen/highland_park_18_jahre_single_malt_whisky.jpg"
          },
          {
            "image_urls": [
              "https://www.edeka24.de/out/pictures/generated/product/1/224_224_90/rorax_rohrfrei_power_gel_rohrreiniger_1l.jpg"
            ],
            "ItemTitle": "Rorax Rohrfrei Power Gel Rohrreiniger 1L",
            "ItemPrice": "3,49€",
            "ItemUnit": "3,49€/l",
            "local_image_path": "Drogerie/Reinigen & Waschen/rorax_rohrfrei_power_gel_rohrreiniger_1l.jpg"
          },
          {
            "image_urls": [
              "https://www.edeka24.de/out/pictures/generated/product/1/224_224_90/kuschelweich_vollwaschmittel_sommerwind_pulver_1216kg_19wl.jpg"
            ],
            "ItemTitle": "Kuschelweich Vollwaschmittel Sommerwind Pulver 1,216KG 19WL",
            "ItemPrice": "5,99€",
            "ItemUnit": "0,32€/por",
            "local_image_path": "Drogerie/Reinigen & Waschen/kuschelweich_vollwaschmittel_sommerwind_pulver_1216kg_19wl.jpg"
          },
          {
            "image_urls": [
              "https://www.edeka24.de/out/pictures/generated/product/1/224_224_90/finish_maschinentiefenreiniger_citrus_250ml.jpg"
            ],
            "ItemTitle": "Finish Maschinentiefenreiniger Citrus 250ML",
            "ItemPrice": "2,99€",
            "ItemUnit": "11,96€/l",
            "local_image_path": "Drogerie/Reinigen & Waschen/finish_maschinentiefenreiniger_citrus_250ml.jpg"
          },
          {
            "image_urls": [
              "https://www.edeka24.de/out/pictures/generated/product/1/224_224_90/somat_all_in_1_extra_54tabs_9504g.jpg"
            ],
            "ItemTitle": "Somat All in 1 Extra Tabs 54ST",
            "ItemPrice": "11,99€",
            "ItemUnit": "0,22€/st",
            "local_image_path": "Drogerie/Reinigen & Waschen/somat_all_in_1_extra_54tabs_9504g.jpg"
          },
          {
            "image_urls": [
              "https://www.edeka24.de/out/pictures/generated/product/1/224_224_90/perwoll_renew_color_25wl_1375l.jpg"
            ],
            "ItemTitle": "Perwoll Renew Color 1,375L 25WL",
            "ItemPrice": "5,49€",
            "ItemUnit": "0,22€/por",
            "local_image_path": "Drogerie/Reinigen & Waschen/perwoll_renew_color_25wl_1375l.jpg"
          },
          {
            "image_urls": [
              "https://www.edeka24.de/out/pictures/generated/product/1/224_224_90/bref_power_fettampampeingebrantes_750ml.jpg"
            ],
            "ItemTitle": "Bref Power Fett & Eingebranntes 750ML",
            "ItemPrice": "3,29€",
            "ItemUnit": "4,39€/l",
            "local_image_path": "Drogerie/Reinigen & Waschen/bref_power_fettampampeingebrantes_750ml.jpg"
          },
          {
            "image_urls": [
              "https://www.edeka24.de/out/pictures/generated/product/1/224_224_90/coral_waschmittel_all_in_1_caps_optimal_color_18wl_311g.jpg"
            ],
            "ItemTitle": "Coral All in 1 Caps Optimal Color 311G 18WL",
            "ItemPrice": "4,79€",
            "ItemUnit": "0,27€/por",
            "local_image_path": "Drogerie/Reinigen & Waschen/coral_waschmittel_all_in_1_caps_optimal_color_18wl_311g.jpg"
          },
          {
            "image_urls": [
              "https://www.edeka24.de/out/pictures/generated/product/1/224_224_90/spee_aktiv_gel_frischkick_22wl_990ml.jpg"
            ],
            "ItemTitle": "Spee Aktiv Gel Frisch-Kick 990ML 22WL",
            "ItemPrice": "4,99€",
            "ItemUnit": "0,23€/por",
            "local_image_path": "Drogerie/Reinigen & Waschen/spee_aktiv_gel_frischkick_22wl_990ml.jpg"
          },
          {
            "image_urls": [
              "https://www.edeka24.de/out/pictures/generated/product/1/224_224_90/viss_kraftampampglanz_kamp252che_750ml.jpg"
            ],
            "ItemTitle": "Viss Cleanboost Kraft & Glanz Küche 750ML",
            "ItemPrice": "2,49€",
            "ItemUnit": "3,32€/l",
            "local_image_path": "Drogerie/Reinigen & Waschen/viss_kraftampampglanz_kamp252che_750ml.jpg"
          },
          {
            "image_urls": [
              "https://www.edeka24.de/out/pictures/generated/product/1/224_224_90/heitmann_bio_schnell_entkalker.jpg"
            ],
            "ItemTitle": "Heitmann Bio Schnell Entkalker 250ML",
            "ItemPrice": "2,99€",
            "ItemUnit": "11,96€/l",
            "local_image_path": "Drogerie/Reinigen & Waschen/heitmann_bio_schnell_entkalker.jpg"
          },
          {
            "image_urls": [
              "https://www.edeka24.de/out/pictures/generated/product/1/224_224_90/sagrotan_desinfektion_hygienespray_pumpflasche_250_ml.jpg"
            ],
            "ItemTitle": "Sagrotan Desinfektion Hygiene-Spray Pumpflasche 250ML",
            "ItemPrice": "5,99€",
            "ItemUnit": "23,96€/l",
            "local_image_path": "Drogerie/Reinigen & Waschen/sagrotan_desinfektion_hygienespray_pumpflasche_250_ml.jpg"
          },
          {
            "image_urls": [
              "https://www.edeka24.de/out/pictures/generated/product/1/224_224_90/calgon_hygienetabs_468g_36st.jpg"
            ],
            "ItemTitle": "Calgon Hygiene+Tabs 468G 36ST",
            "ItemPrice": "10,99€",
            "ItemUnit": "0,31€/st",
            "local_image_path": "Drogerie/Reinigen & Waschen/calgon_hygienetabs_468g_36st.jpg"
          },
          {
            "image_urls": [
              "https://www.edeka24.de/out/pictures/generated/product/1/224_224_90/reiindertube.jpg"
            ],
            "ItemTitle": "Rei in der Tube 125ML",
            "ItemPrice": "2,29€",
            "ItemUnit": "18,32€/l",
            "local_image_path": "Drogerie/Reinigen & Waschen/reiindertube.jpg"
          },
          {
            "image_urls": [
              "https://www.edeka24.de/out/pictures/generated/product/1/224_224_90/finish_classic_reiniger_pulver_13kg.jpg"
            ],
            "ItemTitle": "Finish Classic Reiniger Pulver 1,3KG",
            "ItemPrice": "6,99€",
            "ItemUnit": "5,38€/kg",
            "local_image_path": "Drogerie/Reinigen & Waschen/finish_classic_reiniger_pulver_13kg.jpg"
          },
          {
            "image_urls": [
              "https://www.edeka24.de/out/pictures/generated/product/1/224_224_90/wc_ente_wc_active_3in1_citrus_40g.jpg"
            ],
            "ItemTitle": "WC Ente WC Active 3in1 Citrus 40G",
            "ItemPrice": "1,49€",
            "ItemUnit": "37,25€/kg",
            "local_image_path": "Drogerie/Reinigen & Waschen/wc_ente_wc_active_3in1_citrus_40g.jpg"
          },
          {
            "image_urls": [
              "https://www.edeka24.de/out/pictures/generated/product/1/224_224_90/somat_all_in_1_27tabs_4752g.jpg"
            ],
            "ItemTitle": "Somat All in 1 Tabs 27ST",
            "ItemPrice": "5,49€",
            "ItemUnit": "0,20€/st",
            "local_image_path": "Drogerie/Reinigen & Waschen/somat_all_in_1_27tabs_4752g.jpg"
          },
          {
            "image_urls": [
              "https://www.edeka24.de/out/pictures/generated/product/1/224_224_90/vanish_gold_power_gel_200_ml.jpg"
            ],
            "ItemTitle": "Vanish Power Gel Fleckentferner 200ML",
            "ItemPrice": "4,49€",
            "ItemUnit": "22,45€/l",
            "local_image_path": "Wein/ Spirituosen/Spirituosen/highland_park_18_jahre_single_malt_whisky.jpg"
          },
          {
            "image_urls": [
              "https://www.edeka24.de/out/pictures/generated/product/1/224_224_90/persil_discs_color_16wl_400g.jpg"
            ],
            "ItemTitle": "Persil Color Discs 4in1 Tiefenrein 400G 16WL",
            "ItemPrice": "7,49€",
            "ItemUnit": "0,47€/por",
            "local_image_path": "Drogerie/Reinigen & Waschen/persil_discs_color_16wl_400g.jpg"
          },
          {
            "image_urls": [
              "https://www.edeka24.de/out/pictures/generated/product/1/224_224_90/sagrotan_wcreinigungstamp252cher_60st.jpg"
            ],
            "ItemTitle": "Sagrotan WC- & Bad-Reinigungstücher 60ST",
            "ItemPrice": "3,99€",
            "ItemUnit": "0,07€/st",
            "local_image_path": "Drogerie/Reinigen & Waschen/sagrotan_wcreinigungstamp252cher_60st.jpg"
          },
          {
            "image_urls": [
              "https://www.edeka24.de/out/pictures/generated/product/1/224_224_90/claro_classic_amp214ko_tabs_40wl_640g.jpg"
            ],
            "ItemTitle": "Claro Classic Geschirrspültabs 40ST",
            "ItemPrice": "5,99€",
            "ItemUnit": "0,15€/st",
            "local_image_path": "Drogerie/Reinigen & Waschen/claro_classic_amp214ko_tabs_40wl_640g.jpg"
          },
          {
            "image_urls": [
              "https://www.edeka24.de/out/pictures/generated/product/1/224_224_90/wcente_total_aktiv_gel_marine_wave_750ml.jpg"
            ],
            "ItemTitle": "WC-Ente Total Aktiv Gel Marine Wave 750ML",
            "ItemPrice": "2,79€",
            "ItemUnit": "3,72€/l",
            "local_image_path": "Drogerie/Reinigen & Waschen/wcente_total_aktiv_gel_marine_wave_750ml.jpg"
          },
          {
            "image_urls": [
              "https://www.edeka24.de/out/pictures/generated/product/1/224_224_90/ecover_flamp252ssigwaschmittel_color_apfelblamp252teampampfreesie_1l.jpg"
            ],
            "ItemTitle": "Ecover Füssig-Waschmittel Color Apfelblüte & Freesie 1L 20WL",
            "ItemPrice": "7,29€",
            "ItemUnit": "0,36€/por",
            "local_image_path": "Drogerie/Reinigen & Waschen/ecover_flamp252ssigwaschmittel_color_apfelblamp252teampampfreesie_1l.jpg"
          },
          {
            "image_urls": [
              "https://www.edeka24.de/out/pictures/generated/product/1/224_224_90/persil_universal_pulver_20wl_12kg.jpg"
            ],
            "ItemTitle": "Persil Universal Pulver Tiefenrein 1,2KG 20WL",
            "ItemPrice": "7,49€",
            "ItemUnit": "0,37€/por",
            "local_image_path": "Drogerie/Reinigen & Waschen/persil_universal_pulver_20wl_12kg.jpg"
          },
          {
            "image_urls": [
              "https://www.edeka24.de/out/pictures/generated/product/1/224_224_90/cillit_bang_kraftreiniger_schwarzerweisser_schimmel_amp_hygiene_075_ltr.jpg"
            ],
            "ItemTitle": "Cillit Bang Kraftreiniger Schwarzer/Weisser Schimmel & Hygiene 0,75L",
            "ItemPrice": "3,99€",
            "ItemUnit": "5,32€/l",
            "local_image_path": "Wein/ Spirituosen/Spirituosen/highland_park_18_jahre_single_malt_whisky.jpg"
          },
          {
            "image_urls": [
              "https://www.edeka24.de/out/pictures/generated/product/1/224_224_90/biff_bad_total_zitrus_075l.jpg"
            ],
            "ItemTitle": "Biff Bad Total Zitrus 0,75L",
            "ItemPrice": "3,29€",
            "ItemUnit": "4,39€/l",
            "local_image_path": "Drogerie/Reinigen & Waschen/biff_bad_total_zitrus_075l.jpg"
          },
          {
            "image_urls": [
              "https://www.edeka24.de/out/pictures/generated/product/1/224_224_90/persil_sensitive_megaperls_16wl_112kg.jpg"
            ],
            "ItemTitle": "Persil Sensitive Megaperls 1,12KG 16WL",
            "ItemPrice": "7,49€",
            "ItemUnit": "0,47€/por",
            "local_image_path": "Wein/ Spirituosen/Spirituosen/highland_park_18_jahre_single_malt_whisky.jpg"
          },
          {
            "image_urls": [
              "https://www.edeka24.de/out/pictures/generated/product/1/224_224_90/cillit_bang_blue_wave_6_wcblauspamp252ler_ozean_frische_2x39g.jpg"
            ],
            "ItemTitle": "Cillit Bang Blue Wave 6 Blauspüler 2 Stück",
            "ItemPrice": "2,89€",
            "ItemUnit": "1,45€/st",
            "local_image_path": "Wein/ Spirituosen/Spirituosen/highland_park_18_jahre_single_malt_whisky.jpg"
          },
          {
            "image_urls": [
              "https://www.edeka24.de/out/pictures/generated/product/1/224_224_90/sagrotan_desinfektion_wschehygienespler_sensitiv_15_ltr.jpg"
            ],
            "ItemTitle": "Sagrotan Desinfektion Wäsche-Hygienespüler Sensitiv 1,5L",
            "ItemPrice": "4,29€",
            "ItemUnit": "2,86€/l",
            "local_image_path": "Wein/ Spirituosen/Spirituosen/highland_park_18_jahre_single_malt_whisky.jpg"
          },
          {
            "image_urls": [
              "https://www.edeka24.de/out/pictures/generated/product/1/224_224_90/somat_excellence_4in1_caps_44tabs_7612g.jpg"
            ],
            "ItemTitle": "Somat Excellence 4in1 Caps 44ST",
            "ItemPrice": "11,99€",
            "ItemUnit": "0,27€/st",
            "local_image_path": "Drogerie/Reinigen & Waschen/somat_excellence_4in1_caps_44tabs_7612g.jpg"
          },
          {
            "image_urls": [
              "https://www.edeka24.de/out/pictures/generated/product/1/224_224_90/spontex-kochfeld.jpg"
            ],
            "ItemTitle": "Spontex Flash Kochfeldblitzer 1ST",
            "ItemPrice": "2,69€",
            "ItemUnit": "2,69€/st",
            "local_image_path": "Drogerie/Haushalt/spontex-kochfeld.jpg"
          },
          {
            "image_urls": [
              "https://www.edeka24.de/out/pictures/generated/product/1/224_224_90/wc_ente_reinigungsgel_meereskamp252ste_750ml.jpg"
            ],
            "ItemTitle": "WC Ente Reinigungsgel Meeresküste 750ML",
            "ItemPrice": "2,79€",
            "ItemUnit": "3,72€/l",
            "local_image_path": "Drogerie/Reinigen & Waschen/wc_ente_reinigungsgel_meereskamp252ste_750ml.jpg"
          },
          {
            "image_urls": [
              "https://www.edeka24.de/out/pictures/generated/product/1/224_224_90/sagrotan_waschmaschinen_hygienereiniger_250_ml.jpg"
            ],
            "ItemTitle": "Sagrotan Waschmaschinen Hygiene-Reiniger 5in1 250ML",
            "ItemPrice": "4,49€",
            "ItemUnit": "17,96€/l",
            "local_image_path": "Drogerie/Reinigen & Waschen/sagrotan_waschmaschinen_hygienereiniger_250_ml.jpg"
          },
          {
            "image_urls": [
              "https://www.edeka24.de/out/pictures/generated/product/1/224_224_90/lenor_trocknertamp252cher_aprilfrisch_34st.jpg"
            ],
            "ItemTitle": "Lenor Trocknertücher Aprilfrisch 34ST",
            "ItemPrice": "2,99€",
            "ItemUnit": "0,09€/st",
            "local_image_path": "Drogerie/Reinigen & Waschen/lenor_trocknertamp252cher_aprilfrisch_34st.jpg"
          },
          {
            "image_urls": [
              "https://www.edeka24.de/out/pictures/generated/product/1/224_224_90/ecover_feinwaschmittel_wasserlilieampamphonigmelone_1l.jpg"
            ],
            "ItemTitle": "Ecover Feinwaschmittel flüssig Wolle & Feines Wasserlilie & Honigmelone 1L 22WL",
            "ItemPrice": "4,99€",
            "ItemUnit": "0,23€/por",
            "local_image_path": "Drogerie/Reinigen & Waschen/ecover_feinwaschmittel_wasserlilieampamphonigmelone_1l.jpg"
          },
          {
            "image_urls": [
              "https://www.edeka24.de/out/pictures/generated/product/1/224_224_90/pronto_mamp246belbalsam_bienenwachs_200ml.jpg"
            ],
            "ItemTitle": "Pronto Spezialpflege Möbel-Balsam Bienenwachs 200ML",
            "ItemPrice": "2,79€",
            "ItemUnit": "13,95€/l",
            "local_image_path": "Drogerie/Reinigen & Waschen/pronto_mamp246belbalsam_bienenwachs_200ml.jpg"
          },
          {
            "image_urls": [
              "https://www.edeka24.de/out/pictures/generated/product/1/224_224_90/respekt_colorwaschmittel_20wl_135kg.jpg"
            ],
            "ItemTitle": "Respekt Colorwaschmittel 1,35KG 20WL",
            "ItemPrice": "4,29€",
            "ItemUnit": "0,21€/por",
            "local_image_path": "Drogerie/Reinigen & Waschen/respekt_colorwaschmittel_20wl_135kg.jpg"
          },
          {
            "image_urls": [
              "https://www.edeka24.de/out/pictures/generated/product/1/224_224_90/persil_color_power_bars_16wl_472g.jpg"
            ],
            "ItemTitle": "Persil Color Waschmittel Power Bars 472G 16WL",
            "ItemPrice": "7,49€",
            "ItemUnit": "0,47€/por",
            "local_image_path": "Drogerie/Reinigen & Waschen/persil_color_power_bars_16wl_472g.jpg"
          },
          {
            "image_urls": [
              "https://www.edeka24.de/out/pictures/generated/product/1/224_224_90/sidol_bref_power_universalentkalker_500ml.jpg"
            ],
            "ItemTitle": "Sidol Bref Power Universal-Entkalker 500ML",
            "ItemPrice": "3,79€",
            "ItemUnit": "7,58€/l",
            "local_image_path": "Drogerie/Reinigen & Waschen/sidol_bref_power_universalentkalker_500ml.jpg"
          },
          {
            "image_urls": [
              "https://www.edeka24.de/out/pictures/generated/product/1/224_224_90/simplicol_textilfarbe_intensiv_samtschwarz.jpg"
            ],
            "ItemTitle": "Simplicol Textilfarbe Intensiv samt-schwarz 150ML+400G",
            "ItemPrice": "7,99€",
            "ItemUnit": "",
            "local_image_path": "Drogerie/Reinigen & Waschen/simplicol_textilfarbe_intensiv_samtschwarz.jpg"
          },
          {
            "image_urls": [
              "https://www.edeka24.de/out/pictures/generated/product/1/224_224_90/froschlavendelurinstein-undkalk-entferner.jpg"
            ],
            "ItemTitle": "Frosch  Lavendel Urinstein- und Kalk-Entferner 750ML",
            "ItemPrice": "3,29€",
            "ItemUnit": "4,39€/l",
            "local_image_path": "Drogerie/Reinigen & Waschen/froschlavendelurinstein-undkalk-entferner.jpg"
          },
          {
            "image_urls": [
              "https://www.edeka24.de/out/pictures/generated/product/1/224_224_90/kuschelweich_duftsamp228ckchen_sommerwind_3st.jpg"
            ],
            "ItemTitle": "Kuschelweich Duftkissen Sommerwind 3ST",
            "ItemPrice": "2,89€",
            "ItemUnit": "0,96€/st",
            "local_image_path": "Drogerie/Reinigen & Waschen/kuschelweich_duftsamp228ckchen_sommerwind_3st.jpg"
          },
          {
            "image_urls": [
              "https://www.edeka24.de/out/pictures/generated/product/1/224_224_90/danklorix_hygienereiniger_original_15_ltr.jpg"
            ],
            "ItemTitle": "DanKlorix Hygienereiniger Original 1500ML",
            "ItemPrice": "2,79€",
            "ItemUnit": "1,86€/l",
            "local_image_path": "Drogerie/Reinigen & Waschen/danklorix_hygienereiniger_original_15_ltr.jpg"
          },
          {
            "image_urls": [
              "https://www.edeka24.de/out/pictures/generated/product/1/224_224_90/poliboy_bad_reinigungs_feuchttamp252cher_24st.jpg"
            ],
            "ItemTitle": "Poliboy Bad Feuchttücher 24ST",
            "ItemPrice": "3,79€",
            "ItemUnit": "0,16€/st",
            "local_image_path": "Drogerie/Reinigen & Waschen/poliboy_bad_reinigungs_feuchttamp252cher_24st.jpg"
          },
          {
            "image_urls": [
              "https://www.edeka24.de/out/pictures/generated/product/1/224_224_90/drbeckmann_kamp252hlschrank_frische_40g.jpg"
            ],
            "ItemTitle": "Dr.Beckmann Kühlschrank Frische 40G",
            "ItemPrice": "3,49€",
            "ItemUnit": "87,25€/kg",
            "local_image_path": "Drogerie/Reinigen & Waschen/drbeckmann_kamp252hlschrank_frische_40g.jpg"
          },
          {
            "image_urls": [
              "https://www.edeka24.de/out/pictures/generated/product/1/224_224_90/persil_color_discs_16wl_400g.jpg"
            ],
            "ItemTitle": "Persil 4in1 Discs Tiefenrein Color 400G 16WL",
            "ItemPrice": "7,49€",
            "ItemUnit": "0,47€/por",
            "local_image_path": "Drogerie/Reinigen & Waschen/persil_color_discs_16wl_400g.jpg"
          },
          {
            "image_urls": [
              "https://www.edeka24.de/out/pictures/generated/product/1/224_224_90/bref_power_wckraftgel_gegen_kalk_amp_urinstein_750ml.jpg"
            ],
            "ItemTitle": "Bref Power WC-Kraftgel gegen Kalk & Urinstein 750ML",
            "ItemPrice": "3,29€",
            "ItemUnit": "4,39€/l",
            "local_image_path": "Drogerie/Reinigen & Waschen/bref_power_wckraftgel_gegen_kalk_amp_urinstein_750ml.jpg"
          },
          {
            "image_urls": [
              "https://www.edeka24.de/out/pictures/generated/product/1/224_224_90/somat_maschinenreiniger_tabs_3st_57g.jpg"
            ],
            "ItemTitle": "Somat Maschinenreiniger Tabs 3ST",
            "ItemPrice": "3,29€",
            "ItemUnit": "1,10€/st",
            "local_image_path": "Wein/ Spirituosen/Spirituosen/highland_park_18_jahre_single_malt_whisky.jpg"
          },
          {
            "image_urls": [
              "https://www.edeka24.de/out/pictures/generated/product/1/224_224_90/wc_frisch_kraftaktiv_violettspamp252ler_magnolie_50g.jpg"
            ],
            "ItemTitle": "WC Frisch Kraft Aktiv Violett Magnolie 50G",
            "ItemPrice": "2,29€",
            "ItemUnit": "45,80€/kg",
            "local_image_path": "Wein/ Spirituosen/Spirituosen/highland_park_18_jahre_single_malt_whisky.jpg"
          },
          {
            "image_urls": [
              "https://www.edeka24.de/out/pictures/generated/product/1/224_224_90/simplicol_back_to_black_400g.jpg"
            ],
            "ItemTitle": "Simplicol Back to Black Farberneuerung 400G",
            "ItemPrice": "6,49€",
            "ItemUnit": "16,23€/kg",
            "local_image_path": "Drogerie/Reinigen & Waschen/simplicol_back_to_black_400g.jpg"
          },
          {
            "image_urls": [
              "https://www.edeka24.de/out/pictures/generated/product/1/224_224_90/froschholz-reiniger.jpg"
            ],
            "ItemTitle": "Frosch Holz-Reiniger 750ML",
            "ItemPrice": "2,99€",
            "ItemUnit": "3,99€/l",
            "local_image_path": "Drogerie/Reinigen & Waschen/froschholz-reiniger.jpg"
          },
          {
            "image_urls": [
              "https://www.edeka24.de/out/pictures/generated/product/1/224_224_90/sil_fleckensalz_500g.jpg"
            ],
            "ItemTitle": "Sil Fleckensalz 500G",
            "ItemPrice": "3,49€",
            "ItemUnit": "6,98€/kg",
            "local_image_path": "Drogerie/Reinigen & Waschen/sil_fleckensalz_500g.jpg"
          },
          {
            "image_urls": [
              "https://www.edeka24.de/out/pictures/generated/product/1/224_224_90/emsal_vollglanz_bodenpflege.jpg"
            ],
            "ItemTitle": "Emsal Voll-Glanz Boden-Pflege 1L",
            "ItemPrice": "5,49€",
            "ItemUnit": "5,49€/l",
            "local_image_path": "Drogerie/Reinigen & Waschen/emsal_vollglanz_bodenpflege.jpg"
          },
          {
            "image_urls": [
              "https://www.edeka24.de/out/pictures/generated/product/1/224_224_90/dr_beckmann_glaskeramik_putzstein_250_g.jpg"
            ],
            "ItemTitle": "Dr. Beckmann Glaskeramik Putzstein 250G",
            "ItemPrice": "3,49€",
            "ItemUnit": "13,96€/kg",
            "local_image_path": "Drogerie/Reinigen & Waschen/dr_beckmann_glaskeramik_putzstein_250_g.jpg"
          },
          {
            "image_urls": [
              "https://www.edeka24.de/out/pictures/generated/product/1/224_224_90/poliboy-parkett-laminat-feuchttcher.jpg"
            ],
            "ItemTitle": "Poliboy Parkett Laminat Feuchttücher 15ST",
            "ItemPrice": "4,49€",
            "ItemUnit": "",
            "local_image_path": "Drogerie/Reinigen & Waschen/poliboy-parkett-laminat-feuchttcher.jpg"
          },
          {
            "image_urls": [
              "https://www.edeka24.de/out/pictures/generated/product/1/224_224_90/sagrotan_hygienereinigungstamp252cher_60st.jpg"
            ],
            "ItemTitle": "Sagrotan Hygiene-Reinigungsücher 60ST",
            "ItemPrice": "4,49€",
            "ItemUnit": "",
            "local_image_path": "Wein/ Spirituosen/Spirituosen/highland_park_18_jahre_single_malt_whisky.jpg"
          },
          {
            "image_urls": [
              "https://www.edeka24.de/out/pictures/generated/product/1/224_224_90/sagrotan_allzweck_ampampbodenreiniger_frischetraum_15l.jpg"
            ],
            "ItemTitle": "Sagrotan Allzweck- & Boden-Reiniger Frischetraum 1,5L",
            "ItemPrice": "3,99€",
            "ItemUnit": "2,66€/l",
            "local_image_path": "Drogerie/Reinigen & Waschen/sagrotan_allzweck_ampampbodenreiniger_frischetraum_15l.jpg"
          },
          {
            "image_urls": [
              "https://www.edeka24.de/out/pictures/generated/product/1/224_224_90/simplicol_textilfarbe_intensiv_elegantes_grau.jpg"
            ],
            "ItemTitle": "Simplicol Textilfarbe Intensiv elegantes grau 150ML+400G",
            "ItemPrice": "7,99€",
            "ItemUnit": "",
            "local_image_path": "Drogerie/Reinigen & Waschen/simplicol_textilfarbe_intensiv_elegantes_grau.jpg"
          },
          {
            "image_urls": [
              "https://www.edeka24.de/out/pictures/generated/product/1/224_224_90/pronto_holzreiniger_075_ltr.jpg"
            ],
            "ItemTitle": "Pronto Holzreiniger 750ML",
            "ItemPrice": "3,29€",
            "ItemUnit": "4,39€/l",
            "local_image_path": "Drogerie/Reinigen & Waschen/pronto_holzreiniger_075_ltr.jpg"
          },
          {
            "image_urls": [
              "https://www.edeka24.de/out/pictures/generated/product/1/224_224_90/wcente_active_clean_ocean_wave_386g.jpg"
            ],
            "ItemTitle": "WC Ente Active Clean Ocean Wave 38,6G",
            "ItemPrice": "1,69€",
            "ItemUnit": "44,47€/kg",
            "local_image_path": "Drogerie/Reinigen & Waschen/wcente_active_clean_ocean_wave_386g.jpg"
          },
          {
            "image_urls": [
              "https://www.edeka24.de/out/pictures/generated/product/1/224_224_90/cillit_bang_wc_power_gel_kalkampampurinstein_zerstamp246rer_750ml.jpg"
            ],
            "ItemTitle": "Cillit Bang WC Power Gel Kalk- &Urinstein Zerstörer 750ML",
            "ItemPrice": "3,49€",
            "ItemUnit": "4,65€/l",
            "local_image_path": "Drogerie/Reinigen & Waschen/cillit_bang_wc_power_gel_kalkampampurinstein_zerstamp246rer_750ml.jpg"
          },
          {
            "image_urls": [
              "https://www.edeka24.de/out/pictures/generated/product/1/224_224_90/sofix_parkett_bodenpflege.jpg"
            ],
            "ItemTitle": "Sofix Bodenprofi Parkett 1L",
            "ItemPrice": "5,99€",
            "ItemUnit": "5,99€/l",
            "local_image_path": "Drogerie/Reinigen & Waschen/sofix_parkett_bodenpflege.jpg"
          },
          {
            "image_urls": [
              "https://www.edeka24.de/out/pictures/generated/product/1/224_224_90/biff_hygiene_total_750ml.jpg"
            ],
            "ItemTitle": "Biff Hygiene Total 750ML",
            "ItemPrice": "3,29€",
            "ItemUnit": "4,39€/l",
            "local_image_path": "Drogerie/Reinigen & Waschen/biff_hygiene_total_750ml.jpg"
          },
          {
            "image_urls": [
              "https://www.edeka24.de/out/pictures/generated/product/1/224_224_90/sofix_bodenprofi_pflegereiniger_1_ltr.jpg"
            ],
            "ItemTitle": "Sofix Bodenprofi Pflege-Reiniger 1L",
            "ItemPrice": "5,99€",
            "ItemUnit": "5,99€/l",
            "local_image_path": "Drogerie/Reinigen & Waschen/sofix_bodenprofi_pflegereiniger_1_ltr.jpg"
          },
          {
            "image_urls": [
              "https://www.edeka24.de/out/pictures/generated/product/1/224_224_90/bionicdry_einwasch_impramp228gnierer_250ml.jpg"
            ],
            "ItemTitle": "Bionicdry Einwasch Imprägnierer 250ML",
            "ItemPrice": "5,49€",
            "ItemUnit": "21,96€/l",
            "local_image_path": "Drogerie/Reinigen & Waschen/bionicdry_einwasch_impramp228gnierer_250ml.jpg"
          },
          {
            "image_urls": [
              "https://www.edeka24.de/out/pictures/generated/product/1/224_224_90/spee_color_megaperls_19wl_114kg.jpg"
            ],
            "ItemTitle": "Spee Megaperls Color 4+1 1,14KG 19WL",
            "ItemPrice": "4,99€",
            "ItemUnit": "0,26€/por",
            "local_image_path": "Drogerie/Reinigen & Waschen/spee_color_megaperls_19wl_114kg.jpg"
          },
          {
            "image_urls": [
              "https://www.edeka24.de/out/pictures/generated/product/1/224_224_90/drbeckmann_backofen_aktiv_gel_375ml.jpg"
            ],
            "ItemTitle": "Dr. Beckmann Backofen Aktiv Gel 375ML",
            "ItemPrice": "2,79€",
            "ItemUnit": "7,44€/l",
            "local_image_path": "Drogerie/Reinigen & Waschen/drbeckmann_backofen_aktiv_gel_375ml.jpg"
          },
          {
            "image_urls": [
              "https://www.edeka24.de/out/pictures/generated/product/1/224_224_90/spontex_edelstahlputz.jpg"
            ],
            "ItemTitle": "Spontex Polish 1ST",
            "ItemPrice": "1,79€",
            "ItemUnit": "1,79€/st",
            "local_image_path": "Drogerie/Reinigen & Waschen/spontex_edelstahlputz.jpg"
          },
          {
            "image_urls": [
              "https://www.edeka24.de/out/pictures/generated/product/1/224_224_90/drbeckmann_intensivschwarz_tamp252cher_6st.jpg"
            ],
            "ItemTitle": "Dr. Beckmann Intensiv-Schwarz Tücher 6ST",
            "ItemPrice": "2,79€",
            "ItemUnit": "2,79€/st",
            "local_image_path": "Drogerie/Reinigen & Waschen/drbeckmann_intensivschwarz_tamp252cher_6st.jpg"
          },
          {
            "image_urls": [
              "https://www.edeka24.de/out/pictures/generated/product/1/224_224_90/poliboy_moebelintensiv_200ml.jpg"
            ],
            "ItemTitle": "Poliboy Möbel Intensiv Pflege 200ML",
            "ItemPrice": "3,79€",
            "ItemUnit": "18,95€/l",
            "local_image_path": "Drogerie/Reinigen & Waschen/poliboy_moebelintensiv_200ml.jpg"
          },
          {
            "image_urls": [
              "https://www.edeka24.de/out/pictures/generated/product/1/224_224_90/poliboy_staubmeister_bildschirm_feuchttamp252cher_30st.jpg"
            ],
            "ItemTitle": "Poliboy Bildschirm Feuchttücher 15ST",
            "ItemPrice": "3,79€",
            "ItemUnit": "0,25€/st",
            "local_image_path": "Drogerie/Reinigen & Waschen/poliboy_staubmeister_bildschirm_feuchttamp252cher_30st.jpg"
          },
          {
            "image_urls": [
              "https://www.edeka24.de/out/pictures/generated/product/1/224_224_90/sagrotan_kamp252chenreiniger_spritzige_zitrone_750ml.jpg"
            ],
            "ItemTitle": "Sagrotan Küchen-Reiniger Spritzige Zitrone 750ML",
            "ItemPrice": "3,99€",
            "ItemUnit": "5,32€/l",
            "local_image_path": "Drogerie/Reinigen & Waschen/sagrotan_kamp252chenreiniger_spritzige_zitrone_750ml.jpg"
          },
          {
            "image_urls": [
              "https://www.edeka24.de/out/pictures/generated/product/1/224_224_90/edeka_spezialentkalker_500ml.jpg"
            ],
            "ItemTitle": "EDEKA Spezial Entkalker 0,5L",
            "ItemPrice": "4,29€",
            "ItemUnit": "8,58€/l",
            "local_image_path": "Drogerie/Reinigen & Waschen/edeka_spezialentkalker_500ml.jpg"
          },
          {
            "image_urls": [
              "https://www.edeka24.de/out/pictures/generated/product/1/224_224_90/wc_frisch_kraftaktiv_hawaii_50g.jpg"
            ],
            "ItemTitle": "WC Frisch Kraft Aktiv Hawaii 50G",
            "ItemPrice": "2,29€",
            "ItemUnit": "45,80€/kg",
            "local_image_path": "Drogerie/Reinigen & Waschen/wc_frisch_kraftaktiv_hawaii_50g.jpg"
          },
          {
            "image_urls": [
              "https://www.edeka24.de/out/pictures/generated/product/1/224_224_90/ecover_allzweckreiniger_zitronengrasampampingwer_1l.jpg"
            ],
            "ItemTitle": "Ecover Allzweckreiniger Zitronengras & Ingwer 1L 40Dosen",
            "ItemPrice": "3,29€",
            "ItemUnit": "0,08€/por",
            "local_image_path": "Drogerie/Reinigen & Waschen/ecover_allzweckreiniger_zitronengrasampampingwer_1l.jpg"
          },
          {
            "image_urls": [
              "https://www.edeka24.de/out/pictures/generated/product/1/224_224_90/cillit_bang_kraftreiniger_kalkampampschmutz_750ml(1).jpg"
            ],
            "ItemTitle": "Cillit Bang Kraftreiniger Kalk & Schmutz 750ML",
            "ItemPrice": "3,99€",
            "ItemUnit": "5,32€/l",
            "local_image_path": "Drogerie/Reinigen & Waschen/cillit_bang_kraftreiniger_kalkampampschmutz_750ml(1).jpg"
          },
          {
            "image_urls": [
              "https://www.edeka24.de/out/pictures/generated/product/1/224_224_90/durgol-swiss-espresso-entkalker.jpg"
            ],
            "ItemTitle": "durgol Swiss Espresso Spezial-Entkalker 2x 125ML",
            "ItemPrice": "7,99€",
            "ItemUnit": "31,96€/l",
            "local_image_path": "Drogerie/Reinigen & Waschen/durgol-swiss-espresso-entkalker.jpg"
          },
          {
            "image_urls": [
              "https://www.edeka24.de/out/pictures/generated/product/1/224_224_90/febreze_car_luftverbesserer_framp252hlingserwachen2ml.jpg"
            ],
            "ItemTitle": "Febreze Car Luftverbesserer Frühlingserwachen 2ML 1ST",
            "ItemPrice": "4,99€",
            "ItemUnit": "4,99€/st",
            "local_image_path": "Drogerie/Reinigen & Waschen/febreze_car_luftverbesserer_framp252hlingserwachen2ml.jpg"
          },
          {
            "image_urls": [
              "https://www.edeka24.de/out/pictures/generated/product/1/224_224_90/heitmanneinwaschimpramp228gnierer_250ml.jpg"
            ],
            "ItemTitle": "Heitmann Einwaschimprägnierer 250ML",
            "ItemPrice": "6,99€",
            "ItemUnit": "27,96€/l",
            "local_image_path": "Drogerie/Reinigen & Waschen/heitmanneinwaschimpramp228gnierer_250ml.jpg"
          },
          {
            "image_urls": [
              "https://www.edeka24.de/out/pictures/generated/product/1/224_224_90/sunil_2in1_pulver_1216kg_19wl.jpg"
            ],
            "ItemTitle": "Sunil 2in1 Pulver 1,216KG 19WL",
            "ItemPrice": "4,79€",
            "ItemUnit": "0,25€/por",
            "local_image_path": "Drogerie/Reinigen & Waschen/sunil_2in1_pulver_1216kg_19wl.jpg"
          },
          {
            "image_urls": [
              "https://www.edeka24.de/out/pictures/generated/product/1/224_224_90/somat_all_in_1_extra_25tabs_440g.jpg"
            ],
            "ItemTitle": "Somat All in 1 Extra Tabs 25ST",
            "ItemPrice": "6,49€",
            "ItemUnit": "0,26€/st",
            "local_image_path": "Drogerie/Reinigen & Waschen/somat_all_in_1_extra_25tabs_440g.jpg"
          },
          {
            "image_urls": [
              "https://www.edeka24.de/out/pictures/generated/product/1/224_224_90/sofix_laminatpflege_1l.jpg"
            ],
            "ItemTitle": "Sofix Bodenprofi Laminat 1L",
            "ItemPrice": "5,99€",
            "ItemUnit": "5,99€/l",
            "local_image_path": "Drogerie/Reinigen & Waschen/sofix_laminatpflege_1l.jpg"
          },
          {
            "image_urls": [
              "https://www.edeka24.de/out/pictures/generated/product/1/224_224_90/ecover_colorwaschpulver_konzentrat_18wl_135kg.jpg"
            ],
            "ItemTitle": "Ecover Color Waschpulver Lavendel & Eukalyptus 1,35KG 18WL",
            "ItemPrice": "7,49€",
            "ItemUnit": "0,42€/por",
            "local_image_path": "Drogerie/Reinigen & Waschen/ecover_colorwaschpulver_konzentrat_18wl_135kg.jpg"
          },
          {
            "image_urls": [
              "https://www.edeka24.de/out/pictures/generated/product/1/224_224_90/sagrotan_hygiene_spray_400ml.jpg"
            ],
            "ItemTitle": "Sagrotan Desinfektion Hygiene Spray 400ML",
            "ItemPrice": "6,29€",
            "ItemUnit": "15,73€/l",
            "local_image_path": "Drogerie/Reinigen & Waschen/sagrotan_hygiene_spray_400ml.jpg"
          },
          {
            "image_urls": [
              "https://www.edeka24.de/out/pictures/generated/product/1/224_224_90/sagrotan_wc_reiniger_ozeanfrische_750ml.jpg"
            ],
            "ItemTitle": "Sagrotan WC Reiniger Ozeanfrische 750ML",
            "ItemPrice": "3,99€",
            "ItemUnit": "5,32€/l",
            "local_image_path": "Wein/ Spirituosen/Spirituosen/highland_park_18_jahre_single_malt_whisky.jpg"
          },
          {
            "image_urls": [
              "https://www.edeka24.de/out/pictures/generated/product/1/224_224_90/spee_color_gel_22wl_990ml.jpg"
            ],
            "ItemTitle": "Spee Color Gel 990ML 22WL",
            "ItemPrice": "4,99€",
            "ItemUnit": "0,23€/por",
            "local_image_path": "Wein/ Spirituosen/Spirituosen/highland_park_18_jahre_single_malt_whisky.jpg"
          },
          {
            "image_urls": [
              "https://www.edeka24.de/out/pictures/generated/product/1/224_224_90/emsal_bodenpflege_pflege_reiniger_1l.jpg"
            ],
            "ItemTitle": "Emsal Bodenpflege Pflege Reiniger 1L",
            "ItemPrice": "4,29€",
            "ItemUnit": "4,29€/l",
            "local_image_path": "Wein/ Spirituosen/Spirituosen/highland_park_18_jahre_single_malt_whisky.jpg"
          },
          {
            "image_urls": [
              "https://www.edeka24.de/out/pictures/generated/product/1/224_224_90/emsal_bodenpflege_parkett_1_ltr.jpg"
            ],
            "ItemTitle": "Emsal Bodenpflege Parkett 1L",
            "ItemPrice": "5,49€",
            "ItemUnit": "5,49€/l",
            "local_image_path": "Wein/ Spirituosen/Spirituosen/highland_park_18_jahre_single_malt_whisky.jpg"
          },
          {
            "image_urls": [
              "https://www.edeka24.de/out/pictures/generated/product/1/224_224_90/frosch_vollwaschpulver_citrus_145kg_22wl.jpg"
            ],
            "ItemTitle": "Frosch Voll-Waschpulver Citrus 1,45KG 22WL",
            "ItemPrice": "5,49€",
            "ItemUnit": "0,25€/por",
            "local_image_path": "Drogerie/Reinigen & Waschen/frosch_vollwaschpulver_citrus_145kg_22wl.jpg"
          },
          {
            "image_urls": [
              "https://www.edeka24.de/out/pictures/generated/product/1/224_224_90/wcente_active_clean_ocean_wave_386g.jpg"
            ],
            "ItemTitle": "WC Ente Active Clean Ocean Wave 38,6G",
            "ItemPrice": "1,69€",
            "ItemUnit": "44,47€/kg",
            "local_image_path": "Drogerie/Reinigen & Waschen/wcente_active_clean_ocean_wave_386g.jpg"
          },
          {
            "image_urls": [
              "https://www.edeka24.de/out/pictures/generated/product/1/224_224_90/cillit_bang_wc_power_gel_kalkampampurinstein_zerstamp246rer_750ml.jpg"
            ],
            "ItemTitle": "Cillit Bang WC Power Gel Kalk- &Urinstein Zerstörer 750ML",
            "ItemPrice": "3,49€",
            "ItemUnit": "4,65€/l",
            "local_image_path": "Drogerie/Reinigen & Waschen/cillit_bang_wc_power_gel_kalkampampurinstein_zerstamp246rer_750ml.jpg"
          },
          {
            "image_urls": [
              "https://www.edeka24.de/out/pictures/generated/product/1/224_224_90/sofix_parkett_bodenpflege.jpg"
            ],
            "ItemTitle": "Sofix Bodenprofi Parkett 1L",
            "ItemPrice": "5,99€",
            "ItemUnit": "5,99€/l",
            "local_image_path": "Drogerie/Reinigen & Waschen/sofix_parkett_bodenpflege.jpg"
          },
          {
            "image_urls": [
              "https://www.edeka24.de/out/pictures/generated/product/1/224_224_90/biff_hygiene_total_750ml.jpg"
            ],
            "ItemTitle": "Biff Hygiene Total 750ML",
            "ItemPrice": "3,29€",
            "ItemUnit": "4,39€/l",
            "local_image_path": "Drogerie/Reinigen & Waschen/biff_hygiene_total_750ml.jpg"
          },
          {
            "image_urls": [
              "https://www.edeka24.de/out/pictures/generated/product/1/224_224_90/sofix_bodenprofi_pflegereiniger_1_ltr.jpg"
            ],
            "ItemTitle": "Sofix Bodenprofi Pflege-Reiniger 1L",
            "ItemPrice": "5,99€",
            "ItemUnit": "5,99€/l",
            "local_image_path": "Drogerie/Reinigen & Waschen/sofix_bodenprofi_pflegereiniger_1_ltr.jpg"
          },
          {
            "image_urls": [
              "https://www.edeka24.de/out/pictures/generated/product/1/224_224_90/bionicdry_einwasch_impramp228gnierer_250ml.jpg"
            ],
            "ItemTitle": "Bionicdry Einwasch Imprägnierer 250ML",
            "ItemPrice": "5,49€",
            "ItemUnit": "21,96€/l",
            "local_image_path": "Drogerie/Reinigen & Waschen/bionicdry_einwasch_impramp228gnierer_250ml.jpg"
          },
          {
            "image_urls": [
              "https://www.edeka24.de/out/pictures/generated/product/1/224_224_90/spee_color_megaperls_19wl_114kg.jpg"
            ],
            "ItemTitle": "Spee Megaperls Color 4+1 1,14KG 19WL",
            "ItemPrice": "4,99€",
            "ItemUnit": "0,26€/por",
            "local_image_path": "Drogerie/Reinigen & Waschen/spee_color_megaperls_19wl_114kg.jpg"
          },
          {
            "image_urls": [
              "https://www.edeka24.de/out/pictures/generated/product/1/224_224_90/drbeckmann_backofen_aktiv_gel_375ml.jpg"
            ],
            "ItemTitle": "Dr. Beckmann Backofen Aktiv Gel 375ML",
            "ItemPrice": "2,79€",
            "ItemUnit": "7,44€/l",
            "local_image_path": "Drogerie/Reinigen & Waschen/drbeckmann_backofen_aktiv_gel_375ml.jpg"
          },
          {
            "image_urls": [
              "https://www.edeka24.de/out/pictures/generated/product/1/224_224_90/spontex_edelstahlputz.jpg"
            ],
            "ItemTitle": "Spontex Polish 1ST",
            "ItemPrice": "1,79€",
            "ItemUnit": "1,79€/st",
            "local_image_path": "Drogerie/Reinigen & Waschen/spontex_edelstahlputz.jpg"
          },
          {
            "image_urls": [
              "https://www.edeka24.de/out/pictures/generated/product/1/224_224_90/drbeckmann_intensivschwarz_tamp252cher_6st.jpg"
            ],
            "ItemTitle": "Dr. Beckmann Intensiv-Schwarz Tücher 6ST",
            "ItemPrice": "2,79€",
            "ItemUnit": "2,79€/st",
            "local_image_path": "Drogerie/Reinigen & Waschen/drbeckmann_intensivschwarz_tamp252cher_6st.jpg"
          },
          {
            "image_urls": [
              "https://www.edeka24.de/out/pictures/generated/product/1/224_224_90/poliboy_moebelintensiv_200ml.jpg"
            ],
            "ItemTitle": "Poliboy Möbel Intensiv Pflege 200ML",
            "ItemPrice": "3,79€",
            "ItemUnit": "18,95€/l",
            "local_image_path": "Drogerie/Reinigen & Waschen/poliboy_moebelintensiv_200ml.jpg"
          },
          {
            "image_urls": [
              "https://www.edeka24.de/out/pictures/generated/product/1/224_224_90/poliboy_staubmeister_bildschirm_feuchttamp252cher_30st.jpg"
            ],
            "ItemTitle": "Poliboy Bildschirm Feuchttücher 15ST",
            "ItemPrice": "3,79€",
            "ItemUnit": "0,25€/st",
            "local_image_path": "Drogerie/Reinigen & Waschen/poliboy_staubmeister_bildschirm_feuchttamp252cher_30st.jpg"
          },
          {
            "image_urls": [
              "https://www.edeka24.de/out/pictures/generated/product/1/224_224_90/sagrotan_kamp252chenreiniger_spritzige_zitrone_750ml.jpg"
            ],
            "ItemTitle": "Sagrotan Küchen-Reiniger Spritzige Zitrone 750ML",
            "ItemPrice": "3,99€",
            "ItemUnit": "5,32€/l",
            "local_image_path": "Drogerie/Reinigen & Waschen/sagrotan_kamp252chenreiniger_spritzige_zitrone_750ml.jpg"
          },
          {
            "image_urls": [
              "https://www.edeka24.de/out/pictures/generated/product/1/224_224_90/edeka_spezialentkalker_500ml.jpg"
            ],
            "ItemTitle": "EDEKA Spezial Entkalker 0,5L",
            "ItemPrice": "4,29€",
            "ItemUnit": "8,58€/l",
            "local_image_path": "Drogerie/Reinigen & Waschen/edeka_spezialentkalker_500ml.jpg"
          },
          {
            "image_urls": [
              "https://www.edeka24.de/out/pictures/generated/product/1/224_224_90/wc_frisch_kraftaktiv_hawaii_50g.jpg"
            ],
            "ItemTitle": "WC Frisch Kraft Aktiv Hawaii 50G",
            "ItemPrice": "2,29€",
            "ItemUnit": "45,80€/kg",
            "local_image_path": "Drogerie/Reinigen & Waschen/wc_frisch_kraftaktiv_hawaii_50g.jpg"
          },
          {
            "image_urls": [
              "https://www.edeka24.de/out/pictures/generated/product/1/224_224_90/ecover_allzweckreiniger_zitronengrasampampingwer_1l.jpg"
            ],
            "ItemTitle": "Ecover Allzweckreiniger Zitronengras & Ingwer 1L 40Dosen",
            "ItemPrice": "3,29€",
            "ItemUnit": "0,08€/por",
            "local_image_path": "Drogerie/Reinigen & Waschen/ecover_allzweckreiniger_zitronengrasampampingwer_1l.jpg"
          },
          {
            "image_urls": [
              "https://www.edeka24.de/out/pictures/generated/product/1/224_224_90/cillit_bang_kraftreiniger_kalkampampschmutz_750ml(1).jpg"
            ],
            "ItemTitle": "Cillit Bang Kraftreiniger Kalk & Schmutz 750ML",
            "ItemPrice": "3,99€",
            "ItemUnit": "5,32€/l",
            "local_image_path": "Drogerie/Reinigen & Waschen/cillit_bang_kraftreiniger_kalkampampschmutz_750ml(1).jpg"
          },
          {
            "image_urls": [
              "https://www.edeka24.de/out/pictures/generated/product/1/224_224_90/durgol-swiss-espresso-entkalker.jpg"
            ],
            "ItemTitle": "durgol Swiss Espresso Spezial-Entkalker 2x 125ML",
            "ItemPrice": "7,99€",
            "ItemUnit": "31,96€/l",
            "local_image_path": "Drogerie/Reinigen & Waschen/durgol-swiss-espresso-entkalker.jpg"
          },
          {
            "image_urls": [
              "https://www.edeka24.de/out/pictures/generated/product/1/224_224_90/febreze_car_luftverbesserer_framp252hlingserwachen2ml.jpg"
            ],
            "ItemTitle": "Febreze Car Luftverbesserer Frühlingserwachen 2ML 1ST",
            "ItemPrice": "4,99€",
            "ItemUnit": "4,99€/st",
            "local_image_path": "Drogerie/Reinigen & Waschen/febreze_car_luftverbesserer_framp252hlingserwachen2ml.jpg"
          },
          {
            "image_urls": [
              "https://www.edeka24.de/out/pictures/generated/product/1/224_224_90/heitmanneinwaschimpramp228gnierer_250ml.jpg"
            ],
            "ItemTitle": "Heitmann Einwaschimprägnierer 250ML",
            "ItemPrice": "6,99€",
            "ItemUnit": "27,96€/l",
            "local_image_path": "Drogerie/Reinigen & Waschen/heitmanneinwaschimpramp228gnierer_250ml.jpg"
          },
          {
            "image_urls": [
              "https://www.edeka24.de/out/pictures/generated/product/1/224_224_90/sunil_2in1_pulver_1216kg_19wl.jpg"
            ],
            "ItemTitle": "Sunil 2in1 Pulver 1,216KG 19WL",
            "ItemPrice": "4,79€",
            "ItemUnit": "0,25€/por",
            "local_image_path": "Drogerie/Reinigen & Waschen/sunil_2in1_pulver_1216kg_19wl.jpg"
          },
          {
            "image_urls": [
              "https://www.edeka24.de/out/pictures/generated/product/1/224_224_90/somat_all_in_1_extra_25tabs_440g.jpg"
            ],
            "ItemTitle": "Somat All in 1 Extra Tabs 25ST",
            "ItemPrice": "6,49€",
            "ItemUnit": "0,26€/st",
            "local_image_path": "Drogerie/Reinigen & Waschen/somat_all_in_1_extra_25tabs_440g.jpg"
          },
          {
            "image_urls": [
              "https://www.edeka24.de/out/pictures/generated/product/1/224_224_90/sofix_laminatpflege_1l.jpg"
            ],
            "ItemTitle": "Sofix Bodenprofi Laminat 1L",
            "ItemPrice": "5,99€",
            "ItemUnit": "5,99€/l",
            "local_image_path": "Drogerie/Reinigen & Waschen/sofix_laminatpflege_1l.jpg"
          },
          {
            "image_urls": [
              "https://www.edeka24.de/out/pictures/generated/product/1/224_224_90/ecover_colorwaschpulver_konzentrat_18wl_135kg.jpg"
            ],
            "ItemTitle": "Ecover Color Waschpulver Lavendel & Eukalyptus 1,35KG 18WL",
            "ItemPrice": "7,49€",
            "ItemUnit": "0,42€/por",
            "local_image_path": "Drogerie/Reinigen & Waschen/ecover_colorwaschpulver_konzentrat_18wl_135kg.jpg"
          },
          {
            "image_urls": [
              "https://www.edeka24.de/out/pictures/generated/product/1/224_224_90/sagrotan_hygiene_spray_400ml.jpg"
            ],
            "ItemTitle": "Sagrotan Desinfektion Hygiene Spray 400ML",
            "ItemPrice": "6,29€",
            "ItemUnit": "15,73€/l",
            "local_image_path": "Drogerie/Reinigen & Waschen/sagrotan_hygiene_spray_400ml.jpg"
          },
          {
            "image_urls": [
              "https://www.edeka24.de/out/pictures/generated/product/1/224_224_90/sagrotan_wc_reiniger_ozeanfrische_750ml.jpg"
            ],
            "ItemTitle": "Sagrotan WC Reiniger Ozeanfrische 750ML",
            "ItemPrice": "3,99€",
            "ItemUnit": "5,32€/l",
            "local_image_path": "Wein/ Spirituosen/Spirituosen/highland_park_18_jahre_single_malt_whisky.jpg"
          },
          {
            "image_urls": [
              "https://www.edeka24.de/out/pictures/generated/product/1/224_224_90/spee_color_gel_22wl_990ml.jpg"
            ],
            "ItemTitle": "Spee Color Gel 990ML 22WL",
            "ItemPrice": "4,99€",
            "ItemUnit": "0,23€/por",
            "local_image_path": "Wein/ Spirituosen/Spirituosen/highland_park_18_jahre_single_malt_whisky.jpg"
          },
          {
            "image_urls": [
              "https://www.edeka24.de/out/pictures/generated/product/1/224_224_90/emsal_bodenpflege_pflege_reiniger_1l.jpg"
            ],
            "ItemTitle": "Emsal Bodenpflege Pflege Reiniger 1L",
            "ItemPrice": "4,29€",
            "ItemUnit": "4,29€/l",
            "local_image_path": "Wein/ Spirituosen/Spirituosen/highland_park_18_jahre_single_malt_whisky.jpg"
          },
          {
            "image_urls": [
              "https://www.edeka24.de/out/pictures/generated/product/1/224_224_90/emsal_bodenpflege_parkett_1_ltr.jpg"
            ],
            "ItemTitle": "Emsal Bodenpflege Parkett 1L",
            "ItemPrice": "5,49€",
            "ItemUnit": "5,49€/l",
            "local_image_path": "Wein/ Spirituosen/Spirituosen/highland_park_18_jahre_single_malt_whisky.jpg"
          },
          {
            "image_urls": [
              "https://www.edeka24.de/out/pictures/generated/product/1/224_224_90/frosch_vollwaschpulver_citrus_145kg_22wl.jpg"
            ],
            "ItemTitle": "Frosch Voll-Waschpulver Citrus 1,45KG 22WL",
            "ItemPrice": "5,49€",
            "ItemUnit": "0,25€/por",
            "local_image_path": "Drogerie/Reinigen & Waschen/frosch_vollwaschpulver_citrus_145kg_22wl.jpg"
          },
          {
            "image_urls": [
              "https://www.edeka24.de/out/pictures/generated/product/1/224_224_90/calgon_express_action_gel.jpg"
            ],
            "ItemTitle": "Calgon Power Gel 750ML",
            "ItemPrice": "5,99€",
            "ItemUnit": "7,99€/l",
            "local_image_path": "Drogerie/Reinigen & Waschen/calgon_express_action_gel.jpg"
          },
          {
            "image_urls": [
              "https://www.edeka24.de/out/pictures/generated/product/1/224_224_90/softlan_paradise_weichspamp252ler_orange_650ml_31wl.jpg"
            ],
            "ItemTitle": "Softlan Weichspüler Bouquet Der Düfte 650ML 31WL",
            "ItemPrice": "2,19€",
            "ItemUnit": "0,07€/por",
            "local_image_path": "Drogerie/Reinigen & Waschen/softlan_paradise_weichspamp252ler_orange_650ml_31wl.jpg"
          },
          {
            "image_urls": [
              "https://www.edeka24.de/out/pictures/generated/product/1/224_224_90/frosch_zitronen_wcreiniger_750ml.jpg"
            ],
            "ItemTitle": "Frosch Zitronen WC-Reiniger 750ML",
            "ItemPrice": "2,49€",
            "ItemUnit": "3,32€/l",
            "local_image_path": "Drogerie/Reinigen & Waschen/frosch_zitronen_wcreiniger_750ml.jpg"
          },
          {
            "image_urls": [
              "https://www.edeka24.de/out/pictures/generated/product/1/224_224_90/coral_optimal_color_pulver_22wl_143kg.jpg"
            ],
            "ItemTitle": "Coral Optimal Color Waschpulver 1,43KG 22WL",
            "ItemPrice": "4,79€",
            "ItemUnit": "0,22€/por",
            "local_image_path": "Drogerie/Reinigen & Waschen/coral_optimal_color_pulver_22wl_143kg.jpg"
          },
          {
            "image_urls": [
              "https://www.edeka24.de/out/pictures/generated/product/1/224_224_90/airwick_premium_duftspray_pure_kirschblamp252tenzauber_250ml.jpg"
            ],
            "ItemTitle": "Airwick Duftspray Pure Kirschblütenzauber 250ML",
            "ItemPrice": "3,29€",
            "ItemUnit": "13,16€/l",
            "local_image_path": "Drogerie/Reinigen & Waschen/airwick_premium_duftspray_pure_kirschblamp252tenzauber_250ml.jpg"
          },
          {
            "image_urls": [
              "https://www.edeka24.de/out/pictures/generated/product/1/224_224_90/priloriginal.jpg"
            ],
            "ItemTitle": "Pril Original 5+ Handspülmittel 675ML",
            "ItemPrice": "1,99€",
            "ItemUnit": "2,95€/l",
            "local_image_path": "Drogerie/Reinigen & Waschen/priloriginal.jpg"
          },
          {
            "image_urls": [
              "https://www.edeka24.de/out/pictures/generated/product/1/224_224_90/somat_excellence_duo_power_gel_zitroneampamplimette_58wl_928ml(1).jpg"
            ],
            "ItemTitle": "Somat Excellence Duo Power Gel 928ML 58WL",
            "ItemPrice": "11,99€",
            "ItemUnit": "0,21€/por",
            "local_image_path": "Drogerie/Reinigen & Waschen/somat_excellence_duo_power_gel_zitroneampamplimette_58wl_928ml(1).jpg"
          },
          {
            "image_urls": [
              "https://www.edeka24.de/out/pictures/generated/product/1/224_224_90/aquablue4in1.png"
            ],
            "ItemTitle": "WC Ente Aqua Blue 4in1 Duftspüler",
            "ItemPrice": "1,39€",
            "ItemUnit": "1,39€/st",
            "local_image_path": "Drogerie/Reinigen & Waschen/aquablue4in1.png"
          },
          {
            "image_urls": [
              "https://www.edeka24.de/out/pictures/generated/product/1/224_224_90/prilkraftgel.jpg"
            ],
            "ItemTitle": "Pril Kraft-Gel Ultra Plus 5+ Handspülmittel 450ML",
            "ItemPrice": "1,99€",
            "ItemUnit": "4,42€/l",
            "local_image_path": "Drogerie/Reinigen & Waschen/prilkraftgel.jpg"
          },
          {
            "image_urls": [
              "https://www.edeka24.de/out/pictures/generated/product/1/224_224_90/burti_noir_waschmittel_flamp252ssig_26wl_145l.jpg"
            ],
            "ItemTitle": "Burti Noir Waschmittel flüssig 1,45L 26WL",
            "ItemPrice": "3,79€",
            "ItemUnit": "0,15€/st",
            "local_image_path": "Drogerie/Reinigen & Waschen/burti_noir_waschmittel_flamp252ssig_26wl_145l.jpg"
          },
          {
            "image_urls": [
              "https://www.edeka24.de/out/pictures/generated/product/1/224_224_90/softlan_weichspamp252ler_purple_45wl_1l.jpg"
            ],
            "ItemTitle": "Softlan Ultra Weichspüler Traumfrisch 1L 45WL",
            "ItemPrice": "2,19€",
            "ItemUnit": "0,05€/por",
            "local_image_path": "Drogerie/Reinigen & Waschen/softlan_weichspamp252ler_purple_45wl_1l.jpg"
          },
          {
            "image_urls": [
              "https://www.edeka24.de/out/pictures/generated/product/1/224_224_90/somat_classic_77tabs_1278kg.jpg"
            ],
            "ItemTitle": "Somat Classic Tabs 77ST",
            "ItemPrice": "11,99€",
            "ItemUnit": "0,16€/st",
            "local_image_path": "Drogerie/Reinigen & Waschen/somat_classic_77tabs_1278kg.jpg"
          },
          {
            "image_urls": [
              "https://www.edeka24.de/out/pictures/generated/product/1/224_224_90/persil_universal_kraftgel_20wl_900ml.jpg"
            ],
            "ItemTitle": "Persil Universal Kraft-Gel Tiefenrein 900ML 20WL",
            "ItemPrice": "7,49€",
            "ItemUnit": "0,37€/por",
            "local_image_path": "Drogerie/Reinigen & Waschen/persil_universal_kraftgel_20wl_900ml.jpg"
          },
          {
            "image_urls": [
              "https://www.edeka24.de/out/pictures/generated/product/1/224_224_90/frosch-orangen-universal-reiniger-750ml.jpg"
            ],
            "ItemTitle": "Frosch Universalreiniger Orange 750ML",
            "ItemPrice": "2,29€",
            "ItemUnit": "3,05€/l",
            "local_image_path": "Drogerie/Reinigen & Waschen/frosch-orangen-universal-reiniger-750ml.jpg"
          },
          {
            "image_urls": [
              "https://www.edeka24.de/out/pictures/generated/product/1/224_224_90/somat_all_in_1_57tabs_1003kg.jpg"
            ],
            "ItemTitle": "Somat All in 1 Tabs 57ST",
            "ItemPrice": "11,99€",
            "ItemUnit": "0,21€/st",
            "local_image_path": "Drogerie/Reinigen & Waschen/somat_all_in_1_57tabs_1003kg.jpg"
          },
          {
            "image_urls": [
              "https://www.edeka24.de/out/pictures/generated/product/1/224_224_90/ecover_splmaschinentabs_all_in_one_22_tabs.jpg"
            ],
            "ItemTitle": "Ecover Spülmaschinentabs All in One 22ST",
            "ItemPrice": "5,99€",
            "ItemUnit": "0,27€/st",
            "local_image_path": "Drogerie/Reinigen & Waschen/ecover_splmaschinentabs_all_in_one_22_tabs.jpg"
          },
          {
            "image_urls": [
              "https://www.edeka24.de/out/pictures/generated/product/1/224_224_90/sidolin_cristal_trigger_500ml.jpg"
            ],
            "ItemTitle": "Sidolin Cristal Trigger 500ML",
            "ItemPrice": "2,29€",
            "ItemUnit": "4,58€/l",
            "local_image_path": "Drogerie/Reinigen & Waschen/sidolin_cristal_trigger_500ml.jpg"
          },
          {
            "image_urls": [
              "https://www.edeka24.de/out/pictures/generated/product/1/224_224_90/persil_universal_discs_16wl_400g.jpg"
            ],
            "ItemTitle": "Persil Universal 4in1 Discs 400G 16WL",
            "ItemPrice": "7,49€",
            "ItemUnit": "0,47€/por",
            "local_image_path": "Drogerie/Reinigen & Waschen/persil_universal_discs_16wl_400g.jpg"
          },
          {
            "image_urls": [
              "https://www.edeka24.de/out/pictures/generated/product/1/224_224_90/somat_all_in_1_pro_nature_56tabs_0896kg.jpg"
            ],
            "ItemTitle": "Somat All in 1 Pro Nature 56Tabs",
            "ItemPrice": "10,99€",
            "ItemUnit": "0,20€/st",
            "local_image_path": "Drogerie/Reinigen & Waschen/somat_all_in_1_pro_nature_56tabs_0896kg.jpg"
          },
          {
            "image_urls": [
              "https://www.edeka24.de/out/pictures/generated/product/1/224_224_90/frosch_allzweckreiniger_soda_500ml.jpg"
            ],
            "ItemTitle": "Frosch Allzweck-Reiniger Soda 500ML",
            "ItemPrice": "2,49€",
            "ItemUnit": "4,98€/l",
            "local_image_path": "Drogerie/Reinigen & Waschen/frosch_allzweckreiniger_soda_500ml.jpg"
          },
          {
            "image_urls": [
              "https://www.edeka24.de/out/pictures/generated/product/1/224_224_90/perwoll_renew_refresh_25wl_1375l.jpg"
            ],
            "ItemTitle": "Perwoll Renew Refresh 1,375L 25WL",
            "ItemPrice": "5,49€",
            "ItemUnit": "0,22€/por",
            "local_image_path": "Drogerie/Reinigen & Waschen/perwoll_renew_refresh_25wl_1375l.jpg"
          },
          {
            "image_urls": [
              "https://www.edeka24.de/out/pictures/generated/product/1/224_224_90/palmolive_ultra_original_handgeschirrspamp252lmittel_750ml.jpg"
            ],
            "ItemTitle": "Palmolive Ultra Original Handgeschirrspülmittel 750ML",
            "ItemPrice": "1,89€",
            "ItemUnit": "2,52€/l",
            "local_image_path": "Drogerie/Reinigen & Waschen/palmolive_ultra_original_handgeschirrspamp252lmittel_750ml.jpg"
          },
          {
            "image_urls": [
              "https://www.edeka24.de/out/pictures/generated/product/1/224_224_90/wc_frisch_kraftaktiv_pronature_minzeampampeukalyptus_50g.jpg"
            ],
            "ItemTitle": "WC Frisch Kraft Aktiv ProNature Minze & Eukalyptus 50G",
            "ItemPrice": "2,29€",
            "ItemUnit": "45,80€/kg",
            "local_image_path": "Drogerie/Reinigen & Waschen/wc_frisch_kraftaktiv_pronature_minzeampampeukalyptus_50g.jpg"
          },
          {
            "image_urls": [
              "https://www.edeka24.de/out/pictures/generated/product/1/224_224_90/burti_compact_feinwaschmittel_11kg_22wl.jpg"
            ],
            "ItemTitle": "Burti Compact Feinwaschmittel 1,1KG 22WL",
            "ItemPrice": "3,79€",
            "ItemUnit": "0,17€/por",
            "local_image_path": "Drogerie/Reinigen & Waschen/burti_compact_feinwaschmittel_11kg_22wl.jpg"
          },
          {
            "image_urls": [
              "https://www.edeka24.de/out/pictures/generated/product/1/224_224_90/weiamp223er_riese_color_gel_22wl_990ml.jpg"
            ],
            "ItemTitle": "Weißer Riese Color Gel 990ML 22WL",
            "ItemPrice": "4,99€",
            "ItemUnit": "0,23€/por",
            "local_image_path": "Drogerie/Reinigen & Waschen/weiamp223er_riese_color_gel_22wl_990ml.jpg"
          },
          {
            "image_urls": [
              "https://www.edeka24.de/out/pictures/generated/product/1/224_224_90/finish_glanz_und_klarspamp252ler_regular_xlpack_800ml.jpg"
            ],
            "ItemTitle": "Finish Glanz- und Klarspüler XL-Pack 800ML",
            "ItemPrice": "2,79€",
            "ItemUnit": "3,49€/l",
            "local_image_path": "Drogerie/Reinigen & Waschen/finish_glanz_und_klarspamp252ler_regular_xlpack_800ml.jpg"
          },
          {
            "image_urls": [
              "https://www.edeka24.de/out/pictures/generated/product/1/224_224_90/sagrotan_desinfektion_wschehygienespler_himmelsfrische_15l.jpg"
            ],
            "ItemTitle": "Sagrotan Desinfektion Wäsche-Hygienespüler Himmelsfrische 1,5L",
            "ItemPrice": "4,29€",
            "ItemUnit": "2,86€/l",
            "local_image_path": "Drogerie/Reinigen & Waschen/sagrotan_desinfektion_wschehygienespler_himmelsfrische_15l.jpg"
          },
          {
            "image_urls": [
              "https://www.edeka24.de/out/pictures/generated/product/1/224_224_90/coral_waschmittel_flamp252ssig_wasserlilieampamplimette_23wl_115l.jpg"
            ],
            "ItemTitle": "Coral Colorwaschmittel Dufterlebnis Wasserlilie & Limette 1,15L 23WL",
            "ItemPrice": "4,79€",
            "ItemUnit": "0,21€/por",
            "local_image_path": "Drogerie/Reinigen & Waschen/coral_waschmittel_flamp252ssig_wasserlilieampamplimette_23wl_115l.jpg"
          },
          {
            "image_urls": [
              "https://www.edeka24.de/out/pictures/generated/product/1/224_224_90/airwick_premium_duftspray_pure_framp252hlingsfrische_250ml.jpg"
            ],
            "ItemTitle": "Airwick Duftspray Pure Frühlingsfrische 250ML",
            "ItemPrice": "3,29€",
            "ItemUnit": "13,16€/l",
            "local_image_path": "Drogerie/Reinigen & Waschen/airwick_premium_duftspray_pure_framp252hlingsfrische_250ml.jpg"
          },
          {
            "image_urls": [
              "https://www.edeka24.de/out/pictures/generated/product/1/224_224_90/bref_power_wckraft_gel_gegen_schmutzampampverfamp228rbung_750ml.jpg"
            ],
            "ItemTitle": "Bref Power WC-Kraft Gel gegen Schmutz, Kalk & Verfärbungen 750ML",
            "ItemPrice": "3,29€",
            "ItemUnit": "4,39€/l",
            "local_image_path": "Drogerie/Reinigen & Waschen/bref_power_wckraft_gel_gegen_schmutzampampverfamp228rbung_750ml.jpg"
          },
          {
            "image_urls": [
              "https://www.edeka24.de/out/pictures/generated/product/1/224_224_90/vernel_weichspamp252ler_frischer_morgen_34wl_850ml.jpg"
            ],
            "ItemTitle": "Vernel Weichspüler Frischer Morgen 850ML 34WL",
            "ItemPrice": "2,49€",
            "ItemUnit": "0,07€/por",
            "local_image_path": "Drogerie/Reinigen & Waschen/vernel_weichspamp252ler_frischer_morgen_34wl_850ml.jpg"
          }
        ]
      }
    ]
  },
  {
    "CategoryTitle": "Drogerie",
    "Subcategories": [
      {
        "subcategoryTitle": "Körperhygiene",
        "productItems": [
          {
            "image_urls": [
              "https://www.edeka24.de/out/pictures/generated/product/1/224_224_90/edeka_elkos_hygieneeinlagen_maxi_8st(1).jpg"
            ],
            "ItemTitle": "elkos Hygiene-Einlagen Maxi 8ST",
            "ItemPrice": "2,49€",
            "ItemUnit": "0,31€/st",
            "local_image_path": "Drogerie/Körperhygiene/edeka_elkos_hygieneeinlagen_maxi_8st(1).jpg"
          },
          {
            "image_urls": [
              "https://www.edeka24.de/out/pictures/generated/product/1/224_224_90/edeka_toilettenpapier_samtweich_tad_3lagig_9x140bl.jpg"
            ],
            "ItemTitle": "EDEKA Toilettenpapier samtweich 3lagig 9x140BL",
            "ItemPrice": "4,29€",
            "ItemUnit": "",
            "local_image_path": "Drogerie/Körperhygiene/edeka_toilettenpapier_samtweich_tad_3lagig_9x140bl.jpg"
          },
          {
            "image_urls": [
              "https://www.edeka24.de/out/pictures/generated/product/1/224_224_90/edeka_toilettenpapier_samtweich_mit_cotton_5lagig_6x130bl.jpg"
            ],
            "ItemTitle": "EDEKA Toilettenpapier samtweich mit Cotton 5lagig 6x130Bl",
            "ItemPrice": "3,79€",
            "ItemUnit": "",
            "local_image_path": "Drogerie/Körperhygiene/edeka_toilettenpapier_samtweich_mit_cotton_5lagig_6x130bl.jpg"
          },
          {
            "image_urls": [
              "https://www.edeka24.de/out/pictures/generated/product/1/224_224_90/tempo_taschentcher_classic_30x_10_stck.jpg"
            ],
            "ItemTitle": "Tempo Taschentücher Classic 30x 10ST",
            "ItemPrice": "3,99€",
            "ItemUnit": "",
            "local_image_path": "Fürs Büro/default_subcategory/tempo_taschentcher_classic_30x_10_stck.jpg"
          },
          {
            "image_urls": [
              "https://www.edeka24.de/out/pictures/generated/product/1/224_224_90/edeka_elkos_hygieneeinlagen_extra_plus_10st.jpg"
            ],
            "ItemTitle": "elkos Hygiene-Einlagen Extra Plus 10ST",
            "ItemPrice": "2,49€",
            "ItemUnit": "0,25€/st",
            "local_image_path": "Drogerie/Körperhygiene/edeka_elkos_hygieneeinlagen_extra_plus_10st.jpg"
          },
          {
            "image_urls": [
              "https://www.edeka24.de/out/pictures/generated/product/1/224_224_90/zewa_ultra_soft_toilettenpapier_4lagig_16x150bl.jpg"
            ],
            "ItemTitle": "Zewa Ultra Soft Toilettenpapier 4-lagig 16x 150Blatt",
            "ItemPrice": "9,49€",
            "ItemUnit": "",
            "local_image_path": "Drogerie/Körperhygiene/zewa_ultra_soft_toilettenpapier_4lagig_16x150bl.jpg"
          },
          {
            "image_urls": [
              "https://www.edeka24.de/out/pictures/generated/product/1/224_224_90/edeka_elkos_hygieneeinlagen_extra_12st(1).jpg"
            ],
            "ItemTitle": "Elkos Hygiene-Einlagen Extra 12ST",
            "ItemPrice": "2,49€",
            "ItemUnit": "0,21€/st",
            "local_image_path": "Drogerie/Körperhygiene/edeka_elkos_hygieneeinlagen_extra_12st(1).jpg"
          },
          {
            "image_urls": [
              "https://www.edeka24.de/out/pictures/generated/product/1/224_224_90/cosmea_slipeinlagen_comfort_58st.jpg"
            ],
            "ItemTitle": "Cosmea Slipeinlagen Comfort Plus Normal 58ST",
            "ItemPrice": "2,29€",
            "ItemUnit": "0,04€/st",
            "local_image_path": "Drogerie/Körperhygiene/cosmea_slipeinlagen_comfort_58st.jpg"
          },
          {
            "image_urls": [
              "https://www.edeka24.de/out/pictures/generated/product/1/224_224_90/elkos_hygieneeinlagen_normal_14st.jpg"
            ],
            "ItemTitle": "EDEKA elkos Hygiene-Einlagen Normal 14ST",
            "ItemPrice": "2,49€",
            "ItemUnit": "0,18€/st",
            "local_image_path": "Drogerie/Körperhygiene/elkos_hygieneeinlagen_normal_14st.jpg"
          },
          {
            "image_urls": [
              "https://www.edeka24.de/out/pictures/generated/product/1/224_224_90/edekasamtweichkosmetiktcher.jpg"
            ],
            "ItemTitle": "EDEKA Samtweich Kosmetiktücher 4-lagig 80ST",
            "ItemPrice": "1,59€",
            "ItemUnit": "0,02€/st",
            "local_image_path": "Drogerie/Körperhygiene/edekasamtweichkosmetiktcher.jpg"
          },
          {
            "image_urls": [
              "https://www.edeka24.de/out/pictures/generated/product/1/224_224_90/7322540786514tempo.jpg"
            ],
            "ItemTitle": "Tempo Klassik Taschentücher 15x 10ST",
            "ItemPrice": "2,39€",
            "ItemUnit": "",
            "local_image_path": "Drogerie/Körperhygiene/7322540786514tempo.jpg"
          },
          {
            "image_urls": [
              "https://www.edeka24.de/out/pictures/generated/product/1/224_224_90/palmrasierschaum_sens300ml.jpg"
            ],
            "ItemTitle": "Palmolive Rasierschaum Senisitive 300ML",
            "ItemPrice": "2,29€",
            "ItemUnit": "7,63€/l",
            "local_image_path": "Drogerie/Körperhygiene/palmrasierschaum_sens300ml.jpg"
          },
          {
            "image_urls": [
              "https://www.edeka24.de/out/pictures/generated/product/1/224_224_90/hakle_feucht_kamampampaloe_42st.jpg"
            ],
            "ItemTitle": "Hakle Feuchtes Toilettenpapier Kamille & Aloe Vera 42ST",
            "ItemPrice": "2,19€",
            "ItemUnit": "0,05€/st",
            "local_image_path": "Drogerie/Körperhygiene/hakle_feucht_kamampampaloe_42st.jpg"
          },
          {
            "image_urls": [
              "https://www.edeka24.de/out/pictures/generated/product/1/224_224_90/wilkinson_pronto_einwegrasierer_5st.jpg"
            ],
            "ItemTitle": "Wilkinson Pronto Einwegrasierer 5ST",
            "ItemPrice": "1,19€",
            "ItemUnit": "0,24€/st",
            "local_image_path": "Drogerie/Körperhygiene/wilkinson_pronto_einwegrasierer_5st.jpg"
          },
          {
            "image_urls": [
              "https://www.edeka24.de/out/pictures/generated/product/1/224_224_90/cosmea_slipeinlagen_comfort_plus_lang_48st.jpg"
            ],
            "ItemTitle": "Cosmea Slipeinlagen Comfort Plus Lang 48ST",
            "ItemPrice": "2,29€",
            "ItemUnit": "0,05€/st",
            "local_image_path": "Wein/ Spirituosen/Spirituosen/highland_park_18_jahre_single_malt_whisky.jpg"
          },
          {
            "image_urls": [
              "https://www.edeka24.de/out/pictures/generated/product/1/224_224_90/tena_discreet_mini_einlagen_20st.jpg"
            ],
            "ItemTitle": "Tena Discreet Mini Einlagen 20ST",
            "ItemPrice": "4,29€",
            "ItemUnit": "",
            "local_image_path": "Drogerie/Körperhygiene/tena_discreet_mini_einlagen_20st.jpg"
          },
          {
            "image_urls": [
              "https://www.edeka24.de/out/pictures/generated/product/1/224_224_90/edeka_elkos_damenbinden_normal_20st.jpg"
            ],
            "ItemTitle": "elkos Damenbinden Normal 20ST",
            "ItemPrice": "0,79€",
            "ItemUnit": "0,04€/st",
            "local_image_path": "Drogerie/Körperhygiene/edeka_elkos_damenbinden_normal_20st.jpg"
          },
          {
            "image_urls": [
              "https://www.edeka24.de/out/pictures/generated/product/1/224_224_90/cottonelle_feuchtes_toilettenpapier_natamp252rlich_pflegend_kamilleampampaloe_vera_nf_42st.jpg"
            ],
            "ItemTitle": "Cottonelle Feuchtes Toilettenpapier Natürlich Pflegend Kamille & Aloe Vera 42ST",
            "ItemPrice": "1,89€",
            "ItemUnit": "0,05€/st",
            "local_image_path": "Drogerie/Körperhygiene/cottonelle_feuchtes_toilettenpapier_natamp252rlich_pflegend_kamilleampampaloe_vera_nf_42st.jpg"
          },
          {
            "image_urls": [
              "https://www.edeka24.de/out/pictures/generated/product/1/224_224_90/tempo_feuchte_toilettentcher_sanft_amp_pur_42_tcher.jpg"
            ],
            "ItemTitle": "Tempo Feuchte Toilettentücher Sanft & Pur 42ST",
            "ItemPrice": "1,99€",
            "ItemUnit": "",
            "local_image_path": "Drogerie/Körperhygiene/tempo_feuchte_toilettentcher_sanft_amp_pur_42_tcher.jpg"
          },
          {
            "image_urls": [
              "https://www.edeka24.de/out/pictures/generated/product/1/224_224_90/tempo_plus_soft_amp_sensitive_taschentcher_24x9st.jpg"
            ],
            "ItemTitle": "Tempo Plus Soft&Sensitive Taschentücher 24x 9ST",
            "ItemPrice": "4,29€",
            "ItemUnit": "",
            "local_image_path": "Drogerie/Körperhygiene/tempo_plus_soft_amp_sensitive_taschentcher_24x9st.jpg"
          },
          {
            "image_urls": [
              "https://www.edeka24.de/out/pictures/generated/product/1/224_224_90/always_ultra_long_mit_flgeln_damenbinden_10st.jpg"
            ],
            "ItemTitle": "Always Ultra long mit Flügeln Damenbinden 10ST",
            "ItemPrice": "2,49€",
            "ItemUnit": "",
            "local_image_path": "Drogerie/Körperhygiene/always_ultra_long_mit_flgeln_damenbinden_10st.jpg"
          },
          {
            "image_urls": [
              "https://www.edeka24.de/out/pictures/generated/product/1/224_224_90/reginasoftissuper-softaloevera.jpg"
            ],
            "ItemTitle": "Regina Softis Taschentücher Aloe Vera 4-lagig 15x 9ST",
            "ItemPrice": "2,49€",
            "ItemUnit": "",
            "local_image_path": "Drogerie/Körperhygiene/reginasoftissuper-softaloevera.jpg"
          },
          {
            "image_urls": [
              "https://www.edeka24.de/out/pictures/generated/product/1/224_224_90/cottonelle_feuchtes_toilettenpapier_sensitiv_pflegend_extra_sanftampampparfamp252mfrei_42st.jpg"
            ],
            "ItemTitle": "Cottonelle Feuchtes Toilettenpapier Sensitiv Pflegend Parfümfrei und Extra sanft NF 42ST",
            "ItemPrice": "1,89€",
            "ItemUnit": "",
            "local_image_path": "Drogerie/Körperhygiene/cottonelle_feuchtes_toilettenpapier_sensitiv_pflegend_extra_sanftampampparfamp252mfrei_42st.jpg"
          },
          {
            "image_urls": [
              "https://www.edeka24.de/out/pictures/generated/product/1/224_224_90/tena_men_pants_plus_large_8st4_euro_code.jpg"
            ],
            "ItemTitle": "TENA Men Active Fit Pants Plus Größe L 8ST",
            "ItemPrice": "10,99€",
            "ItemUnit": "",
            "local_image_path": "Drogerie/Körperhygiene/tena_men_pants_plus_large_8st4_euro_code.jpg"
          },
          {
            "image_urls": [
              "https://www.edeka24.de/out/pictures/generated/product/1/224_224_90/always_ultra_long_damenbinden_12st.jpg"
            ],
            "ItemTitle": "Always Ultra Long Damenbinden 12ST",
            "ItemPrice": "2,29€",
            "ItemUnit": "0,19€/st",
            "local_image_path": "Drogerie/Körperhygiene/always_ultra_long_damenbinden_12st.jpg"
          },
          {
            "image_urls": [
              "https://www.edeka24.de/out/pictures/generated/product/1/224_224_90/cottonelle_feuchtes_toilettenpapier_sauber_pflegend_mit_mizellenwasserampampbaumwollduft_42st.jpg"
            ],
            "ItemTitle": "Cottonelle Feuchtes Toilettenpapier Sauber Pflegend mit Mizellenwasser und frischem Baumwollduft NF 42ST",
            "ItemPrice": "1,89€",
            "ItemUnit": "",
            "local_image_path": "Drogerie/Körperhygiene/cottonelle_feuchtes_toilettenpapier_sauber_pflegend_mit_mizellenwasserampampbaumwollduft_42st.jpg"
          },
          {
            "image_urls": [
              "https://www.edeka24.de/out/pictures/generated/product/1/224_224_90/sos_desinfektionstamp252cher_intense_handflamp228chen_10st.jpg"
            ],
            "ItemTitle": "SOS Desinfektionstücher Intense Hände+Flächen 10ST",
            "ItemPrice": "1,29€",
            "ItemUnit": "0,13€/st",
            "local_image_path": "Drogerie/Körperhygiene/sos_desinfektionstamp252cher_intense_handflamp228chen_10st.jpg"
          },
          {
            "image_urls": [
              "https://www.edeka24.de/out/pictures/generated/product/1/224_224_90/edeka_elkos_body_velina_5klingen_rasiersystem_frauen_1_klinge.jpg"
            ],
            "ItemTitle": "Elkos body Velina 5-Klingen Rasiersystem + 1 Klinge",
            "ItemPrice": "6,49€",
            "ItemUnit": "6,49€/st",
            "local_image_path": "Drogerie/Körperhygiene/edeka_elkos_body_velina_5klingen_rasiersystem_frauen_1_klinge.jpg"
          },
          {
            "image_urls": [
              "https://www.edeka24.de/out/pictures/generated/product/1/224_224_90/gillette_mach3_turbo_rasierklingen_5_stck.jpg"
            ],
            "ItemTitle": "Gillette Mach3 Turbo Rasierklingen 5ST",
            "ItemPrice": "16,99€",
            "ItemUnit": "",
            "local_image_path": "Drogerie/Körperhygiene/gillette_mach3_turbo_rasierklingen_5_stck.jpg"
          },
          {
            "image_urls": [
              "https://www.edeka24.de/out/pictures/generated/product/1/224_224_90/wilkinson_extra_2_essential_sensitive_herren_einwegrasierer_5st.jpg"
            ],
            "ItemTitle": "Wilkinson Extra Essential 2 Sensitive Herren Einwegrasierer 5ST",
            "ItemPrice": "3,49€",
            "ItemUnit": "0,70€/st",
            "local_image_path": "Drogerie/Körperhygiene/wilkinson_extra_2_essential_sensitive_herren_einwegrasierer_5st.jpg"
          },
          {
            "image_urls": [
              "https://www.edeka24.de/out/pictures/generated/product/1/224_224_90/tempo_feuchttcher_sanft_amp_sensitiv_42_tcher.jpg"
            ],
            "ItemTitle": "Tempo Sanft & Sensitive feuchte Toilettentücher Aloe Vera 42ST",
            "ItemPrice": "1,99€",
            "ItemUnit": "",
            "local_image_path": "Drogerie/Körperhygiene/tempo_feuchttcher_sanft_amp_sensitiv_42_tcher.jpg"
          },
          {
            "image_urls": [
              "https://www.edeka24.de/out/pictures/generated/product/1/224_224_90/nivea_men_after_shave_balsam_100ml.jpg"
            ],
            "ItemTitle": "Nivea Men After Shave Balsam Sensitive 100ML",
            "ItemPrice": "6,99€",
            "ItemUnit": "69,90€/l",
            "local_image_path": "Drogerie/Körperhygiene/nivea_men_after_shave_balsam_100ml.jpg"
          },
          {
            "image_urls": [
              "https://www.edeka24.de/out/pictures/generated/product/1/224_224_90/tempo_fresh_to_go_pure_feuchttcher_10st.jpg"
            ],
            "ItemTitle": "Tempo Reinigende Hand-Feuchttücher 10ST",
            "ItemPrice": "1,39€",
            "ItemUnit": "0,14€/st",
            "local_image_path": "Drogerie/Körperhygiene/tempo_fresh_to_go_pure_feuchttcher_10st.jpg"
          },
          {
            "image_urls": [
              "https://www.edeka24.de/out/pictures/generated/product/1/224_224_90/gillette_proglide_rasierklingen_4st.jpg"
            ],
            "ItemTitle": "Gillette ProGlide Rasierklingen 4ST",
            "ItemPrice": "17,99€",
            "ItemUnit": "",
            "local_image_path": "Drogerie/Körperhygiene/gillette_proglide_rasierklingen_4st.jpg"
          },
          {
            "image_urls": [
              "https://www.edeka24.de/out/pictures/generated/product/1/224_224_90/reginasoftissuper-soft.jpg"
            ],
            "ItemTitle": "Regina Softis Taschentücher super-soft 15x 10ST",
            "ItemPrice": "2,49€",
            "ItemUnit": "",
            "local_image_path": "Drogerie/Körperhygiene/reginasoftissuper-soft.jpg"
          },
          {
            "image_urls": [
              "https://www.edeka24.de/out/pictures/generated/product/1/224_224_90/4008600227434_11134401_cmyk_bb_aromatisiert_6er.jpg"
            ],
            "ItemTitle": "Billy Boy Aromatisierte Kondome 6ST",
            "ItemPrice": "4,79€",
            "ItemUnit": "0,80€/st",
            "local_image_path": "Drogerie/Körperhygiene/4008600227434_11134401_cmyk_bb_aromatisiert_6er.jpg"
          },
          {
            "image_urls": [
              "https://www.edeka24.de/out/pictures/generated/product/1/224_224_90/oboriginal_tampons_super_16st.jpg"
            ],
            "ItemTitle": "o.b.Original Tampons Super 16ST",
            "ItemPrice": "2,79€",
            "ItemUnit": "0,17€/st",
            "local_image_path": "Drogerie/Körperhygiene/oboriginal_tampons_super_16st.jpg"
          },
          {
            "image_urls": [
              "https://www.edeka24.de/out/pictures/generated/product/1/224_224_90/obtampons_pro_comfort_normal_16st.jpg"
            ],
            "ItemTitle": "o.b.Tampons Pro Comfort Normal 16ST",
            "ItemPrice": "2,79€",
            "ItemUnit": "0,17€/st",
            "local_image_path": "Drogerie/Körperhygiene/obtampons_pro_comfort_normal_16st.jpg"
          },
          {
            "image_urls": [
              "https://www.edeka24.de/out/pictures/generated/product/1/224_224_90/always_ultra_normal_mit_fluegeln_damenbinden_12st.jpg"
            ],
            "ItemTitle": "Always Ultra Normal mit Fluegeln Damenbinden 12ST",
            "ItemPrice": "2,29€",
            "ItemUnit": "0,19€/st",
            "local_image_path": "Drogerie/Körperhygiene/always_ultra_normal_mit_fluegeln_damenbinden_12st.jpg"
          },
          {
            "image_urls": [
              "https://www.edeka24.de/out/pictures/generated/product/1/224_224_90/exelikekombi.jpg"
            ],
            "ItemTitle": "eyelike Kombi Lösung Hyaluron für weiche Kontaktlinsen 360ML",
            "ItemPrice": "8,29€",
            "ItemUnit": "23,03€/l",
            "local_image_path": "Drogerie/Körperhygiene/exelikekombi.jpg"
          },
          {
            "image_urls": [
              "https://www.edeka24.de/out/pictures/generated/product/1/224_224_90/hansaplast_elastic_fingerstrips_16st.jpg"
            ],
            "ItemTitle": "Hansaplast Elastic Fingerstrips 16ST",
            "ItemPrice": "3,29€",
            "ItemUnit": "",
            "local_image_path": "Drogerie/Körperhygiene/hansaplast_elastic_fingerstrips_16st.jpg"
          },
          {
            "image_urls": [
              "https://www.edeka24.de/out/pictures/generated/product/1/224_224_90/tempo_verwamp246hnmoment_calendulaampampkamille_feuchtes_toilettenpapier_42bl.jpg"
            ],
            "ItemTitle": "Tempo Calendula & Kamille Feuchte Toilettentücher 42ST",
            "ItemPrice": "1,99€",
            "ItemUnit": "",
            "local_image_path": "Drogerie/Körperhygiene/tempo_verwamp246hnmoment_calendulaampampkamille_feuchtes_toilettenpapier_42bl.jpg"
          },
          {
            "image_urls": [
              "https://www.edeka24.de/out/pictures/generated/product/1/224_224_90/bltezeit_feuchte_reinigungstcher_bio_aloevera_25st.jpg"
            ],
            "ItemTitle": "Blütezeit Feuchte Reinigungstücher Bio Aloe-Vera 25ST",
            "ItemPrice": "2,29€",
            "ItemUnit": "0,09€/st",
            "local_image_path": "Drogerie/Körperhygiene/bltezeit_feuchte_reinigungstcher_bio_aloevera_25st.jpg"
          },
          {
            "image_urls": [
              "https://www.edeka24.de/out/pictures/generated/product/1/224_224_90/gilletteproglide_power_rasierklingen_4st.jpg"
            ],
            "ItemTitle": "GilletteProGlide Power Rasierklingen 4ST",
            "ItemPrice": "21,99€",
            "ItemUnit": "",
            "local_image_path": "Drogerie/Körperhygiene/gilletteproglide_power_rasierklingen_4st.jpg"
          },
          {
            "image_urls": [
              "https://www.edeka24.de/out/pictures/generated/product/1/224_224_90/gillette_mach3_start_rasierklingen_5st.jpg"
            ],
            "ItemTitle": "Gillette Mach3 Start Rasierklingen 5ST",
            "ItemPrice": "10,99€",
            "ItemUnit": "2,20€/st",
            "local_image_path": "Drogerie/Körperhygiene/gillette_mach3_start_rasierklingen_5st.jpg"
          },
          {
            "image_urls": [
              "https://www.edeka24.de/out/pictures/generated/product/1/224_224_90/bio_einhorn_tampons_normalo_16st.jpg"
            ],
            "ItemTitle": "Einhorn Bio Tampons Normalo 16ST",
            "ItemPrice": "3,29€",
            "ItemUnit": "0,21€/st",
            "local_image_path": "Drogerie/Körperhygiene/bio_einhorn_tampons_normalo_16st.jpg"
          },
          {
            "image_urls": [
              "https://www.edeka24.de/out/pictures/generated/product/1/224_224_90/wilkinson_myintuition_extra_3_essentials_einwegrasierer_42st.jpg"
            ],
            "ItemTitle": "Wilkinson MyIntuition Extra 3 Essentials Einwegrasierer 4+2ST",
            "ItemPrice": "3,29€",
            "ItemUnit": "0,55€/st",
            "local_image_path": "Drogerie/Körperhygiene/wilkinson_myintuition_extra_3_essentials_einwegrasierer_42st.jpg"
          },
          {
            "image_urls": [
              "https://www.edeka24.de/out/pictures/generated/product/1/224_224_90/durex_gefamp252hlsecht_classic_kondome_20st.jpg"
            ],
            "ItemTitle": "Durex Gefühlsecht Classic Kondome 20 Stück",
            "ItemPrice": "18,49€",
            "ItemUnit": "",
            "local_image_path": "Drogerie/Körperhygiene/durex_gefamp252hlsecht_classic_kondome_20st.jpg"
          },
          {
            "image_urls": [
              "https://www.edeka24.de/out/pictures/generated/product/1/224_224_90/wilkinsonextra3.jpg"
            ],
            "ItemTitle": "Wilkinson Extra 3 Beauty Einwegrasierer 4+2ST",
            "ItemPrice": "3,29€",
            "ItemUnit": "0,55€/st",
            "local_image_path": "Drogerie/Körperhygiene/wilkinsonextra3.jpg"
          },
          {
            "image_urls": [
              "https://www.edeka24.de/out/pictures/generated/product/1/224_224_90/obexprotsupcomf36.jpg"
            ],
            "ItemTitle": "o.b. Extra Protect Tampons Super+Comfort 36ST",
            "ItemPrice": "6,49€",
            "ItemUnit": "0,18€/st",
            "local_image_path": "Drogerie/Körperhygiene/obexprotsupcomf36.jpg"
          },
          {
            "image_urls": [
              "https://www.edeka24.de/out/pictures/generated/product/1/224_224_90/obexprotsuper42.jpg"
            ],
            "ItemTitle": "o.b.Extra Protect Tampons Super 42ST",
            "ItemPrice": "6,49€",
            "ItemUnit": "0,15€/st",
            "local_image_path": "Drogerie/Körperhygiene/obexprotsuper42.jpg"
          },
          {
            "image_urls": [
              "https://www.edeka24.de/out/pictures/generated/product/1/224_224_90/edeka_elkos_tampons_super_56st.jpg"
            ],
            "ItemTitle": "elkos Tampons Super 56ST",
            "ItemPrice": "2,99€",
            "ItemUnit": "0,05€/st",
            "local_image_path": "Drogerie/Körperhygiene/edeka_elkos_tampons_super_56st.jpg"
          },
          {
            "image_urls": [
              "https://www.edeka24.de/out/pictures/generated/product/1/224_224_90/temposanftundfrei.jpg"
            ],
            "ItemTitle": "Tempo sanft & frei Taschentücher mit Pflegebalsam 20x 9ST",
            "ItemPrice": "4,29€",
            "ItemUnit": "",
            "local_image_path": "Drogerie/Körperhygiene/temposanftundfrei.jpg"
          },
          {
            "image_urls": [
              "https://www.edeka24.de/out/pictures/generated/product/1/224_224_90/hakle_feuchtes_toilettenpapier_balance_42st.jpg"
            ],
            "ItemTitle": "Hakle feuchtes Toilettenpapier Balance 42ST",
            "ItemPrice": "2,19€",
            "ItemUnit": "0,05€/st",
            "local_image_path": "Drogerie/Körperhygiene/hakle_feuchtes_toilettenpapier_balance_42st.jpg"
          },
          {
            "image_urls": [
              "https://www.edeka24.de/out/pictures/generated/product/1/224_224_90/edeka_elkos_tampons_mini_64st(1).jpg"
            ],
            "ItemTitle": "elkos Tampons Mini 64ST",
            "ItemPrice": "2,99€",
            "ItemUnit": "0,05€/st",
            "local_image_path": "Drogerie/Körperhygiene/edeka_elkos_tampons_mini_64st(1).jpg"
          },
          {
            "image_urls": [
              "https://www.edeka24.de/out/pictures/generated/product/1/224_224_90/wilkinson_hydro5_avanced_rasierklingen_4st.jpg"
            ],
            "ItemTitle": "Wilkinson Hydro5 Avanced Rasierklingen 4ST",
            "ItemPrice": "13,99€",
            "ItemUnit": "",
            "local_image_path": "Drogerie/Körperhygiene/wilkinson_hydro5_avanced_rasierklingen_4st.jpg"
          },
          {
            "image_urls": [
              "https://www.edeka24.de/out/pictures/generated/product/1/224_224_90/king_cgillette_klingen_famp252r_rasierhobel_10st.jpg"
            ],
            "ItemTitle": "Gilette King C. Gillette Klingen für Rasierhobel 10ST",
            "ItemPrice": "5,49€",
            "ItemUnit": "0,55€/st",
            "local_image_path": "Drogerie/Körperhygiene/king_cgillette_klingen_famp252r_rasierhobel_10st.jpg"
          },
          {
            "image_urls": [
              "https://www.edeka24.de/out/pictures/generated/product/1/224_224_90/elktamsup56.jpg"
            ],
            "ItemTitle": "Elkos Tampons Super 56ST",
            "ItemPrice": "2,99€",
            "ItemUnit": "0,05€/st",
            "local_image_path": "Drogerie/Körperhygiene/elktamsup56.jpg"
          },
          {
            "image_urls": [
              "https://www.edeka24.de/out/pictures/generated/product/1/224_224_90/durex_gefamp252hlsecht_extra_feucht_kondome_8st.jpg"
            ],
            "ItemTitle": "Durex Gefühlsecht Extra Feucht Kondome 8ST",
            "ItemPrice": "12,79€",
            "ItemUnit": "1,60€/st",
            "local_image_path": "Drogerie/Körperhygiene/durex_gefamp252hlsecht_extra_feucht_kondome_8st.jpg"
          },
          {
            "image_urls": [
              "https://www.edeka24.de/out/pictures/generated/product/1/224_224_90/wilkinson_classic_klingen_spender_10st.jpg"
            ],
            "ItemTitle": "Wilkinson Classic Klingen Spender 10ST",
            "ItemPrice": "5,49€",
            "ItemUnit": "",
            "local_image_path": "Drogerie/Körperhygiene/wilkinson_classic_klingen_spender_10st.jpg"
          },
          {
            "image_urls": [
              "https://www.edeka24.de/out/pictures/generated/product/1/224_224_90/veet_haarentfernungscreme_fr_sensible_haut_100ml.jpg"
            ],
            "ItemTitle": "Veet Haarentfernungs-Creme für sensible Haut 100ML",
            "ItemPrice": "4,49€",
            "ItemUnit": "44,90€/l",
            "local_image_path": "Drogerie/Körperhygiene/veet_haarentfernungscreme_fr_sensible_haut_100ml.jpg"
          },
          {
            "image_urls": [
              "https://www.edeka24.de/out/pictures/generated/product/1/224_224_90/king_cgillette_bartamp246l_30ml.jpg"
            ],
            "ItemTitle": "Gilette King C.Gillette Bartöl 30ML",
            "ItemPrice": "8,49€",
            "ItemUnit": "283,00€/l",
            "local_image_path": "Drogerie/Körperhygiene/king_cgillette_bartamp246l_30ml.jpg"
          },
          {
            "image_urls": [
              "https://www.edeka24.de/out/pictures/generated/product/1/224_224_90/4008600227533_11134412_cmyk_bb_langerlieben_12er.jpg"
            ],
            "ItemTitle": "Billy Boy Kondome länger lieben 12ST",
            "ItemPrice": "8,49€",
            "ItemUnit": "0,71€/st",
            "local_image_path": "Drogerie/Körperhygiene/4008600227533_11134412_cmyk_bb_langerlieben_12er.jpg"
          },
          {
            "image_urls": [
              "https://www.edeka24.de/out/pictures/generated/product/1/224_224_90/gillettefusion5_rasierapparat_mit_klinge.jpg"
            ],
            "ItemTitle": "Gillette Fusion5 Rasierapparat mit Klinge 1ST",
            "ItemPrice": "10,99€",
            "ItemUnit": "10,99€/st",
            "local_image_path": "Drogerie/Körperhygiene/gillettefusion5_rasierapparat_mit_klinge.jpg"
          },
          {
            "image_urls": [
              "https://www.edeka24.de/out/pictures/generated/product/1/224_224_90/tempo_sanft_amp_pflegend_feuchte_toilettentcher_kamille_42_stck.jpg"
            ],
            "ItemTitle": "Tempo Sanft & Pflegend Feuchte Toilettentücher Kamille 42 Stück",
            "ItemPrice": "1,99€",
            "ItemUnit": "0,05€/st",
            "local_image_path": "Drogerie/Körperhygiene/tempo_sanft_amp_pflegend_feuchte_toilettentcher_kamille_42_stck.jpg"
          },
          {
            "image_urls": [
              "https://www.edeka24.de/out/pictures/generated/product/1/224_224_90/durex_gefamp252hlsecht_extra_feucht_kondome_10st.jpg"
            ],
            "ItemTitle": "Durex Gefühlsecht Extra Feucht Kondome 10ST",
            "ItemPrice": "10,99€",
            "ItemUnit": "1,10€/st",
            "local_image_path": "Drogerie/Körperhygiene/durex_gefamp252hlsecht_extra_feucht_kondome_10st.jpg"
          },
          {
            "image_urls": [
              "https://www.edeka24.de/out/pictures/generated/product/1/224_224_90/king_cgillette_klingen_5strasierhobel.jpg"
            ],
            "ItemTitle": "Gilette King C. Gillette Double Edge Safety Razor",
            "ItemPrice": "15,49€",
            "ItemUnit": "15,49€/st",
            "local_image_path": "Drogerie/Körperhygiene/king_cgillette_klingen_5strasierhobel.jpg"
          },
          {
            "image_urls": [
              "https://www.edeka24.de/out/pictures/generated/product/1/224_224_90/king_cgillette_elektrischer_barttrimmer.jpg"
            ],
            "ItemTitle": "Gilette King C. Gillette Beard Trimmer",
            "ItemPrice": "30,99€",
            "ItemUnit": "30,99€/st",
            "local_image_path": "Drogerie/Körperhygiene/king_cgillette_elektrischer_barttrimmer.jpg"
          },
          {
            "image_urls": [
              "https://www.edeka24.de/out/pictures/generated/product/1/224_224_90/huggies_drynites_girl_815_jahre_9st.jpg"
            ],
            "ItemTitle": "Huggies DryNites Girl 8-15 Jahre 27-57KG 9ST",
            "ItemPrice": "8,79€",
            "ItemUnit": "0,98€/st",
            "local_image_path": "Drogerie/Körperhygiene/huggies_drynites_girl_815_jahre_9st.jpg"
          },
          {
            "image_urls": [
              "https://www.edeka24.de/out/pictures/generated/product/1/224_224_90/huggies_drynites_boy_815_jahre_9st.jpg"
            ],
            "ItemTitle": "Huggies DryNites Boy 8-15 Jahre 27-57KG 9ST",
            "ItemPrice": "8,79€",
            "ItemUnit": "0,98€/st",
            "local_image_path": "Drogerie/Körperhygiene/huggies_drynites_boy_815_jahre_9st.jpg"
          },
          {
            "image_urls": [
              "https://www.edeka24.de/out/pictures/generated/product/1/224_224_90/gilletteblue_3_smooth_einwegrasierer_42st.jpg"
            ],
            "ItemTitle": "GilletteBlue 3 Smooth Einwegrasierer 6ST",
            "ItemPrice": "5,49€",
            "ItemUnit": "0,92€/st",
            "local_image_path": "Drogerie/Körperhygiene/gilletteblue_3_smooth_einwegrasierer_42st.jpg"
          },
          {
            "image_urls": [
              "https://www.edeka24.de/out/pictures/generated/product/1/224_224_90/wilkinson_hydro5_rasierklingen_4st.jpg"
            ],
            "ItemTitle": "Wilkinson Hydro5 Rasierklingen 4ST",
            "ItemPrice": "10,99€",
            "ItemUnit": "",
            "local_image_path": "Drogerie/Körperhygiene/wilkinson_hydro5_rasierklingen_4st.jpg"
          },
          {
            "image_urls": [
              "https://www.edeka24.de/out/pictures/generated/product/1/224_224_90/edeka_elkos_women_tampon_normal_80st.jpg"
            ],
            "ItemTitle": "elkos Tampon Normal 80ST",
            "ItemPrice": "2,99€",
            "ItemUnit": "0,04€/st",
            "local_image_path": "Drogerie/Körperhygiene/edeka_elkos_women_tampon_normal_80st.jpg"
          },
          {
            "image_urls": [
              "https://www.edeka24.de/out/pictures/generated/product/1/224_224_90/veet_haarentfernungscreme_fr_sensible_haut_100ml.jpg"
            ],
            "ItemTitle": "Veet Haarentfernungs-Creme für sensible Haut 100ML",
            "ItemPrice": "4,49€",
            "ItemUnit": "44,90€/l",
            "local_image_path": "Drogerie/Körperhygiene/veet_haarentfernungscreme_fr_sensible_haut_100ml.jpg"
          },
          {
            "image_urls": [
              "https://www.edeka24.de/out/pictures/generated/product/1/224_224_90/king_cgillette_bartamp246l_30ml.jpg"
            ],
            "ItemTitle": "Gilette King C.Gillette Bartöl 30ML",
            "ItemPrice": "8,49€",
            "ItemUnit": "283,00€/l",
            "local_image_path": "Drogerie/Körperhygiene/king_cgillette_bartamp246l_30ml.jpg"
          },
          {
            "image_urls": [
              "https://www.edeka24.de/out/pictures/generated/product/1/224_224_90/4008600227533_11134412_cmyk_bb_langerlieben_12er.jpg"
            ],
            "ItemTitle": "Billy Boy Kondome länger lieben 12ST",
            "ItemPrice": "8,49€",
            "ItemUnit": "0,71€/st",
            "local_image_path": "Drogerie/Körperhygiene/4008600227533_11134412_cmyk_bb_langerlieben_12er.jpg"
          },
          {
            "image_urls": [
              "https://www.edeka24.de/out/pictures/generated/product/1/224_224_90/gillettefusion5_rasierapparat_mit_klinge.jpg"
            ],
            "ItemTitle": "Gillette Fusion5 Rasierapparat mit Klinge 1ST",
            "ItemPrice": "10,99€",
            "ItemUnit": "10,99€/st",
            "local_image_path": "Drogerie/Körperhygiene/gillettefusion5_rasierapparat_mit_klinge.jpg"
          },
          {
            "image_urls": [
              "https://www.edeka24.de/out/pictures/generated/product/1/224_224_90/tempo_sanft_amp_pflegend_feuchte_toilettentcher_kamille_42_stck.jpg"
            ],
            "ItemTitle": "Tempo Sanft & Pflegend Feuchte Toilettentücher Kamille 42 Stück",
            "ItemPrice": "1,99€",
            "ItemUnit": "0,05€/st",
            "local_image_path": "Drogerie/Körperhygiene/tempo_sanft_amp_pflegend_feuchte_toilettentcher_kamille_42_stck.jpg"
          },
          {
            "image_urls": [
              "https://www.edeka24.de/out/pictures/generated/product/1/224_224_90/durex_gefamp252hlsecht_extra_feucht_kondome_10st.jpg"
            ],
            "ItemTitle": "Durex Gefühlsecht Extra Feucht Kondome 10ST",
            "ItemPrice": "10,99€",
            "ItemUnit": "1,10€/st",
            "local_image_path": "Drogerie/Körperhygiene/durex_gefamp252hlsecht_extra_feucht_kondome_10st.jpg"
          },
          {
            "image_urls": [
              "https://www.edeka24.de/out/pictures/generated/product/1/224_224_90/king_cgillette_klingen_5strasierhobel.jpg"
            ],
            "ItemTitle": "Gilette King C. Gillette Double Edge Safety Razor",
            "ItemPrice": "15,49€",
            "ItemUnit": "15,49€/st",
            "local_image_path": "Drogerie/Körperhygiene/king_cgillette_klingen_5strasierhobel.jpg"
          },
          {
            "image_urls": [
              "https://www.edeka24.de/out/pictures/generated/product/1/224_224_90/king_cgillette_elektrischer_barttrimmer.jpg"
            ],
            "ItemTitle": "Gilette King C. Gillette Beard Trimmer",
            "ItemPrice": "30,99€",
            "ItemUnit": "30,99€/st",
            "local_image_path": "Drogerie/Körperhygiene/king_cgillette_elektrischer_barttrimmer.jpg"
          },
          {
            "image_urls": [
              "https://www.edeka24.de/out/pictures/generated/product/1/224_224_90/huggies_drynites_girl_815_jahre_9st.jpg"
            ],
            "ItemTitle": "Huggies DryNites Girl 8-15 Jahre 27-57KG 9ST",
            "ItemPrice": "8,79€",
            "ItemUnit": "0,98€/st",
            "local_image_path": "Drogerie/Körperhygiene/huggies_drynites_girl_815_jahre_9st.jpg"
          },
          {
            "image_urls": [
              "https://www.edeka24.de/out/pictures/generated/product/1/224_224_90/huggies_drynites_boy_815_jahre_9st.jpg"
            ],
            "ItemTitle": "Huggies DryNites Boy 8-15 Jahre 27-57KG 9ST",
            "ItemPrice": "8,79€",
            "ItemUnit": "0,98€/st",
            "local_image_path": "Drogerie/Körperhygiene/huggies_drynites_boy_815_jahre_9st.jpg"
          },
          {
            "image_urls": [
              "https://www.edeka24.de/out/pictures/generated/product/1/224_224_90/gilletteblue_3_smooth_einwegrasierer_42st.jpg"
            ],
            "ItemTitle": "GilletteBlue 3 Smooth Einwegrasierer 6ST",
            "ItemPrice": "5,49€",
            "ItemUnit": "0,92€/st",
            "local_image_path": "Drogerie/Körperhygiene/gilletteblue_3_smooth_einwegrasierer_42st.jpg"
          },
          {
            "image_urls": [
              "https://www.edeka24.de/out/pictures/generated/product/1/224_224_90/wilkinson_hydro5_rasierklingen_4st.jpg"
            ],
            "ItemTitle": "Wilkinson Hydro5 Rasierklingen 4ST",
            "ItemPrice": "10,99€",
            "ItemUnit": "",
            "local_image_path": "Drogerie/Körperhygiene/wilkinson_hydro5_rasierklingen_4st.jpg"
          },
          {
            "image_urls": [
              "https://www.edeka24.de/out/pictures/generated/product/1/224_224_90/edeka_elkos_women_tampon_normal_80st.jpg"
            ],
            "ItemTitle": "elkos Tampon Normal 80ST",
            "ItemPrice": "2,99€",
            "ItemUnit": "0,04€/st",
            "local_image_path": "Drogerie/Körperhygiene/edeka_elkos_women_tampon_normal_80st.jpg"
          }
        ]
      }
    ]
  },
  {
    "CategoryTitle": "Drogerie",
    "Subcategories": [
      {
        "subcategoryTitle": "Körperpflege",
        "productItems": [
          {
            "image_urls": [
              "https://www.edeka24.de/out/pictures/generated/product/1/224_224_90/edeka_elkos_dentamax_mundspamp252lung_zahnfleischpflege_500ml.jpg"
            ],
            "ItemTitle": "elkos DentaMax Mundspülung Zahnfleischpflege 500ML",
            "ItemPrice": "0,89€",
            "ItemUnit": "1,78€/l",
            "local_image_path": "Drogerie/Körperpflege/edeka_elkos_dentamax_mundspamp252lung_zahnfleischpflege_500ml.jpg"
          },
          {
            "image_urls": [
              "https://www.edeka24.de/out/pictures/generated/product/1/224_224_90/fa_men_2in1_bodyampamphair_duschgel_kick_off_250ml.jpg"
            ],
            "ItemTitle": "Fa Men Kick Off 2in1 Body & Hair Duschgel 250ML",
            "ItemPrice": "1,59€",
            "ItemUnit": "6,36€/l",
            "local_image_path": "Drogerie/Körperpflege/fa_men_2in1_bodyampamphair_duschgel_kick_off_250ml.jpg"
          },
          {
            "image_urls": [
              "https://www.edeka24.de/out/pictures/generated/product/1/224_224_90/edekasamtweichkosmetiktcher.jpg"
            ],
            "ItemTitle": "EDEKA Samtweich Kosmetiktücher 4-lagig 80ST",
            "ItemPrice": "1,59€",
            "ItemUnit": "0,02€/st",
            "local_image_path": "Drogerie/Körperhygiene/edekasamtweichkosmetiktcher.jpg"
          },
          {
            "image_urls": [
              "https://www.edeka24.de/out/pictures/generated/product/1/224_224_90/edeka_elkos_dentamax_mundspamp252lung_sensitiv_500ml.jpg"
            ],
            "ItemTitle": "elkos DentaMax Mundspülung Sensitiv 500ML",
            "ItemPrice": "0,89€",
            "ItemUnit": "1,78€/l",
            "local_image_path": "Drogerie/Körperpflege/edeka_elkos_dentamax_mundspamp252lung_sensitiv_500ml.jpg"
          },
          {
            "image_urls": [
              "https://www.edeka24.de/out/pictures/generated/product/1/224_224_90/bltezeit_duschgel_erdbeerehimbeere_250ml.jpg"
            ],
            "ItemTitle": "Blütezeit Duschgel Erdbeere/Himbeere 250ML",
            "ItemPrice": "1,89€",
            "ItemUnit": "7,56€/l",
            "local_image_path": "Drogerie/Körperpflege/bltezeit_duschgel_erdbeerehimbeere_250ml.jpg"
          },
          {
            "image_urls": [
              "https://www.edeka24.de/out/pictures/generated/product/1/224_224_90/elkos_body_cremeseife_limette_amp_buttermilch_500ml.jpg"
            ],
            "ItemTitle": "elkos body Cremeseife Limette & Buttermilch 500ML",
            "ItemPrice": "0,89€",
            "ItemUnit": "1,78€/l",
            "local_image_path": "Drogerie/Körperpflege/elkos_body_cremeseife_limette_amp_buttermilch_500ml.jpg"
          },
          {
            "image_urls": [
              "https://www.edeka24.de/out/pictures/generated/product/1/224_224_90/hidrofugal_men_spray_maximaler_schutz_150ml.jpg"
            ],
            "ItemTitle": "Hidrofugal Men Maximal Schutz Anti-Transpirant 150ML",
            "ItemPrice": "3,79€",
            "ItemUnit": "25,27€/l",
            "local_image_path": "Drogerie/Körperpflege/hidrofugal_men_spray_maximaler_schutz_150ml.jpg"
          },
          {
            "image_urls": [
              "https://www.edeka24.de/out/pictures/generated/product/1/224_224_90/axe_duschgel_collision_fresh_clash_250_ml.jpg"
            ],
            "ItemTitle": "Axe Duschgel 3in1 Leather & Cookies 250ML",
            "ItemPrice": "2,69€",
            "ItemUnit": "10,76€/l",
            "local_image_path": "Drogerie/Körperpflege/axe_duschgel_collision_fresh_clash_250_ml.jpg"
          },
          {
            "image_urls": [
              "https://www.edeka24.de/out/pictures/generated/product/1/224_224_90/edeka_elkos_kernseife_3x100g.jpg"
            ],
            "ItemTitle": "elkos Kernseife 3x 100G",
            "ItemPrice": "1,19€",
            "ItemUnit": "3,97€/kg",
            "local_image_path": "Drogerie/Körperpflege/edeka_elkos_kernseife_3x100g.jpg"
          },
          {
            "image_urls": [
              "https://www.edeka24.de/out/pictures/generated/product/1/224_224_90/edeka_elkos_deospray_for_men_fresh_200ml.jpg"
            ],
            "ItemTitle": "Elkos For Men Deospray Fresh 200ML",
            "ItemPrice": "1,19€",
            "ItemUnit": "5,95€/l",
            "local_image_path": "Drogerie/Körperpflege/edeka_elkos_deospray_for_men_fresh_200ml.jpg"
          },
          {
            "image_urls": [
              "https://www.edeka24.de/out/pictures/generated/product/1/224_224_90/duschdas_duschgel_for_men_225ml.jpg"
            ],
            "ItemTitle": "Duschdas Duschgel For Men 3in1 225ML",
            "ItemPrice": "1,69€",
            "ItemUnit": "7,51€/l",
            "local_image_path": "Drogerie/Körperpflege/duschdas_duschgel_for_men_225ml.jpg"
          },
          {
            "image_urls": [
              "https://www.edeka24.de/out/pictures/generated/product/1/224_224_90/odolmed3_original_zahncreme_125ml.jpg"
            ],
            "ItemTitle": "Odol-med3 Original Zahncreme 125ML",
            "ItemPrice": "1,69€",
            "ItemUnit": "13,52€/l",
            "local_image_path": "Drogerie/Körperpflege/odolmed3_original_zahncreme_125ml.jpg"
          },
          {
            "image_urls": [
              "https://www.edeka24.de/out/pictures/generated/product/1/224_224_90/eelkos_schaumseife_para250ml.jpg"
            ],
            "ItemTitle": "elkos Body Schaumparadies Schaumseife 250ML",
            "ItemPrice": "1,49€",
            "ItemUnit": "5,96€/l",
            "local_image_path": "Drogerie/Körperpflege/eelkos_schaumseife_para250ml.jpg"
          },
          {
            "image_urls": [
              "https://www.edeka24.de/out/pictures/generated/product/1/224_224_90/bltezeit_shampoo_repair_bio_walnuss_amp_jojoba_200ml.jpg"
            ],
            "ItemTitle": "Blütezeit Shampoo Repair Bio Walnuss & Jojoba 200ML",
            "ItemPrice": "2,49€",
            "ItemUnit": "12,45€/l",
            "local_image_path": "Drogerie/Körperpflege/bltezeit_shampoo_repair_bio_walnuss_amp_jojoba_200ml.jpg"
          },
          {
            "image_urls": [
              "https://www.edeka24.de/out/pictures/generated/product/1/224_224_90/elkos_bio_wattestbchen_300st.jpg"
            ],
            "ItemTitle": "elkos Bio Wattestäbchen 300ST",
            "ItemPrice": "0,89€",
            "ItemUnit": "",
            "local_image_path": "Bio-Produkte/Bio Marken/elkos_bio_wattestbchen_300st.jpg"
          },
          {
            "image_urls": [
              "https://www.edeka24.de/out/pictures/generated/product/1/224_224_90/palmrasierschaum_sens300ml.jpg"
            ],
            "ItemTitle": "Palmolive Rasierschaum Senisitive 300ML",
            "ItemPrice": "2,29€",
            "ItemUnit": "7,63€/l",
            "local_image_path": "Drogerie/Körperhygiene/palmrasierschaum_sens300ml.jpg"
          },
          {
            "image_urls": [
              "https://www.edeka24.de/out/pictures/generated/product/1/224_224_90/bltezeit_duschgel_lemongras_250ml.jpg"
            ],
            "ItemTitle": "Blütezeit Duschgel Lemongras 250ml",
            "ItemPrice": "1,89€",
            "ItemUnit": "7,56€/l",
            "local_image_path": "Drogerie/Körperpflege/bltezeit_duschgel_lemongras_250ml.jpg"
          },
          {
            "image_urls": [
              "https://www.edeka24.de/out/pictures/generated/product/1/224_224_90/eelkos_med_waschlotion_500ml.jpg"
            ],
            "ItemTitle": "elkos Med Waschlotion Classic 500ML",
            "ItemPrice": "1,39€",
            "ItemUnit": "2,78€/l",
            "local_image_path": "Drogerie/Körperpflege/eelkos_med_waschlotion_500ml.jpg"
          },
          {
            "image_urls": [
              "https://www.edeka24.de/out/pictures/generated/product/1/224_224_90/edeka_elkos_shampoo_fruchtampampvitamin_500ml(1).jpg"
            ],
            "ItemTitle": "Elkos Shampoo Frucht & Vitamin 500ML",
            "ItemPrice": "0,99€",
            "ItemUnit": "1,98€/l",
            "local_image_path": "Drogerie/Körperpflege/edeka_elkos_shampoo_fruchtampampvitamin_500ml(1).jpg"
          },
          {
            "image_urls": [
              "https://www.edeka24.de/out/pictures/generated/product/1/224_224_90/elkos_deospray_tropic_200ml.jpg"
            ],
            "ItemTitle": "Elkos Deospray Tropic 200ML",
            "ItemPrice": "1,19€",
            "ItemUnit": "5,95€/l",
            "local_image_path": "Wein/ Spirituosen/Spirituosen/highland_park_18_jahre_single_malt_whisky.jpg"
          },
          {
            "image_urls": [
              "https://www.edeka24.de/out/pictures/generated/product/1/224_224_90/ajona_spezial_zahncreme_25ml.jpg"
            ],
            "ItemTitle": "Ajona Medizinisches Zahncremekonzentrat 25ML",
            "ItemPrice": "1,89€",
            "ItemUnit": "75,60€/l",
            "local_image_path": "Drogerie/Körperpflege/ajona_spezial_zahncreme_25ml.jpg"
          },
          {
            "image_urls": [
              "https://www.edeka24.de/out/pictures/generated/product/1/224_224_90/sun_d039or_sonnenpray_sensitiv_lsf_50_200ml.jpg"
            ],
            "ItemTitle": "Sun D'OR Sonnenpray Sensitiv LSF 50 200ML",
            "ItemPrice": "6,99€",
            "ItemUnit": "34,95€/l",
            "local_image_path": "Drogerie/Körperpflege/sun_d039or_sonnenpray_sensitiv_lsf_50_200ml.jpg"
          },
          {
            "image_urls": [
              "https://www.edeka24.de/out/pictures/generated/product/1/224_224_90/headampampshoulders_antischuppen_shampoo_deep_clean_juckende_kopfhaut_mit_pfefferminz_250ml.jpg"
            ],
            "ItemTitle": "Head & Shoulders Anti-Schuppen Shampoo Deep Clean Juckende Kopfhaut mit Pfefferminz 250ML",
            "ItemPrice": "4,99€",
            "ItemUnit": "19,96€/l",
            "local_image_path": "Drogerie/Körperpflege/headampampshoulders_antischuppen_shampoo_deep_clean_juckende_kopfhaut_mit_pfefferminz_250ml.jpg"
          },
          {
            "image_urls": [
              "https://www.edeka24.de/out/pictures/generated/product/1/224_224_90/palmolive_naturals_flssigseife_honig_300_ml.jpg"
            ],
            "ItemTitle": "Palmolive Naturals Flüssigseife Milch & Honig 300ML",
            "ItemPrice": "1,69€",
            "ItemUnit": "5,63€/l",
            "local_image_path": "Drogerie/Körperpflege/palmolive_naturals_flssigseife_honig_300_ml.jpg"
          },
          {
            "image_urls": [
              "https://www.edeka24.de/out/pictures/generated/product/1/224_224_90/odolmed3_extra_white_zahncreme_125ml(1).jpg"
            ],
            "ItemTitle": "Odol-med3 Extra White 3in1 Schutz Zahncreme 125ML",
            "ItemPrice": "1,69€",
            "ItemUnit": "13,52€/l",
            "local_image_path": "Drogerie/Körperpflege/odolmed3_extra_white_zahncreme_125ml(1).jpg"
          },
          {
            "image_urls": [
              "https://www.edeka24.de/out/pictures/generated/product/1/224_224_90/bltezeit_flssigseife_garten_biosalbeibiothymian_300ml.jpg"
            ],
            "ItemTitle": "Blütezeit Flüssigseife Garten Bio-Salbei+Bio-Thymian 300ML",
            "ItemPrice": "1,59€",
            "ItemUnit": "5,30€/l",
            "local_image_path": "Drogerie/Körperpflege/bltezeit_flssigseife_garten_biosalbeibiothymian_300ml.jpg"
          },
          {
            "image_urls": [
              "https://www.edeka24.de/out/pictures/generated/product/1/224_224_90/edeka_elkos_wattestamp228bchen_nachfamp252ller_160st.jpg"
            ],
            "ItemTitle": "elkos Wattestäbchen Nachfüller 160ST",
            "ItemPrice": "0,55€",
            "ItemUnit": "",
            "local_image_path": "Drogerie/Körperpflege/edeka_elkos_wattestamp228bchen_nachfamp252ller_160st.jpg"
          },
          {
            "image_urls": [
              "https://www.edeka24.de/out/pictures/generated/product/1/224_224_90/schauma_for_men_shampoo_400ml(1).jpg"
            ],
            "ItemTitle": "Schwarzkopf Schauma For Men Shampoo 400ML",
            "ItemPrice": "2,29€",
            "ItemUnit": "5,73€/l",
            "local_image_path": "Drogerie/Körperpflege/schauma_for_men_shampoo_400ml(1).jpg"
          },
          {
            "image_urls": [
              "https://www.edeka24.de/out/pictures/generated/product/1/224_224_90/edeka_elkos_dentamax_streifenzahncreme_kramp228uter_125ml.jpg"
            ],
            "ItemTitle": "elkos DentaMax Kräuter Zahncreme 125ML",
            "ItemPrice": "0,69€",
            "ItemUnit": "5,52€/l",
            "local_image_path": "Drogerie/Körperpflege/edeka_elkos_dentamax_streifenzahncreme_kramp228uter_125ml.jpg"
          },
          {
            "image_urls": [
              "https://www.edeka24.de/out/pictures/generated/product/1/224_224_90/palmolive_naturals_duschcreme_milch_amp_honig_250ml.jpg"
            ],
            "ItemTitle": "Palmolive Naturals Duschcreme Milch & Honig 250ML",
            "ItemPrice": "1,59€",
            "ItemUnit": "6,36€/l",
            "local_image_path": "Drogerie/Körperpflege/palmolive_naturals_duschcreme_milch_amp_honig_250ml.jpg"
          },
          {
            "image_urls": [
              "https://www.edeka24.de/out/pictures/generated/product/1/224_224_90/edeka_elkos_vivede_heiamp223e_zitrone_sticks_20st_100g.jpg"
            ],
            "ItemTitle": "elkos VIVEDE Heiße Zitrone Sticks 20ST 100G",
            "ItemPrice": "1,89€",
            "ItemUnit": "18,90€/kg",
            "local_image_path": "Drogerie/Körperpflege/edeka_elkos_vivede_heiamp223e_zitrone_sticks_20st_100g.jpg"
          },
          {
            "image_urls": [
              "https://www.edeka24.de/out/pictures/generated/product/1/224_224_90/dove_deospray_original.jpg"
            ],
            "ItemTitle": "Dove Original Anti-Transpirant 150ML",
            "ItemPrice": "2,69€",
            "ItemUnit": "17,93€/l",
            "local_image_path": "Drogerie/Körperpflege/dove_deospray_original.jpg"
          },
          {
            "image_urls": [
              "https://www.edeka24.de/out/pictures/generated/product/1/224_224_90/duschdas_duschgel_zitroneampamprosmarin_225ml.jpg"
            ],
            "ItemTitle": "Duschdas Duschgel Zitrone & Rosmarin 225ML",
            "ItemPrice": "1,69€",
            "ItemUnit": "7,51€/l",
            "local_image_path": "Drogerie/Körperpflege/duschdas_duschgel_zitroneampamprosmarin_225ml.jpg"
          },
          {
            "image_urls": [
              "https://www.edeka24.de/out/pictures/generated/product/1/224_224_90/axe_duschgel_alaska_250ml.jpg"
            ],
            "ItemTitle": "Axe Duschgel Alaska 3in1 250ML",
            "ItemPrice": "2,69€",
            "ItemUnit": "10,76€/l",
            "local_image_path": "Drogerie/Körperpflege/axe_duschgel_alaska_250ml.jpg"
          },
          {
            "image_urls": [
              "https://www.edeka24.de/out/pictures/generated/product/1/224_224_90/palmolive_flssigseife_aquarium_im_spender(1).jpg"
            ],
            "ItemTitle": "Palmolive Flüssigseife Aquarium 300ML",
            "ItemPrice": "1,69€",
            "ItemUnit": "5,63€/l",
            "local_image_path": "Drogerie/Körperpflege/palmolive_flssigseife_aquarium_im_spender(1).jpg"
          },
          {
            "image_urls": [
              "https://www.edeka24.de/out/pictures/generated/product/1/224_224_90/colgate_dentagard_original_zahncreme_75_ml(1).jpg"
            ],
            "ItemTitle": "Colgate Dentagard Kräuter Zahncreme 75ML",
            "ItemPrice": "0,95€",
            "ItemUnit": "12,67€/l",
            "local_image_path": "Drogerie/Körperpflege/colgate_dentagard_original_zahncreme_75_ml(1).jpg"
          },
          {
            "image_urls": [
              "https://www.edeka24.de/out/pictures/generated/product/1/224_224_90/axe_bodyspray_dark_temptation_35ml.jpg"
            ],
            "ItemTitle": "Axe Bodyspray Dark Temptation 35ML",
            "ItemPrice": "1,59€",
            "ItemUnit": "45,43€/l",
            "local_image_path": "Drogerie/Körperpflege/axe_bodyspray_dark_temptation_35ml.jpg"
          },
          {
            "image_urls": [
              "https://www.edeka24.de/out/pictures/generated/product/1/224_224_90/elkos_duowattepads_140_stck.jpg"
            ],
            "ItemTitle": "EDEKA elkos Duo Wattepads 140ST",
            "ItemPrice": "0,99€",
            "ItemUnit": "",
            "local_image_path": "Drogerie/Körperpflege/elkos_duowattepads_140_stck.jpg"
          },
          {
            "image_urls": [
              "https://www.edeka24.de/out/pictures/generated/product/1/224_224_90/odol-med3whiteshine20ml.png"
            ],
            "ItemTitle": "Odol-med3 White & Shine Zahncreme 15ML",
            "ItemPrice": "1,29€",
            "ItemUnit": "86,00€/l",
            "local_image_path": "Drogerie/Körperpflege/odol-med3whiteshine20ml.png"
          },
          {
            "image_urls": [
              "https://www.edeka24.de/out/pictures/generated/product/1/224_224_90/palmolive_naturals_flssigseife_mandel.jpg"
            ],
            "ItemTitle": "Palmolive Naturals Flüssigseife Milch & Mandel 300ML",
            "ItemPrice": "1,69€",
            "ItemUnit": "5,63€/l",
            "local_image_path": "Drogerie/Körperpflege/palmolive_naturals_flssigseife_mandel.jpg"
          },
          {
            "image_urls": [
              "https://www.edeka24.de/out/pictures/generated/product/1/224_224_90/edeka_elkos_shampoo_volumen_300ml(1).jpg"
            ],
            "ItemTitle": "Elkos Volume Shampoo 300ML",
            "ItemPrice": "0,89€",
            "ItemUnit": "2,97€/l",
            "local_image_path": "Drogerie/Körperpflege/edeka_elkos_shampoo_volumen_300ml(1).jpg"
          },
          {
            "image_urls": [
              "https://www.edeka24.de/out/pictures/generated/product/1/224_224_90/nivea_pflegeseife_creme_care_250ml.jpg"
            ],
            "ItemTitle": "Nivea Pflegeseife Creme Care 250ML",
            "ItemPrice": "1,79€",
            "ItemUnit": "7,16€/l",
            "local_image_path": "Drogerie/Körperpflege/nivea_pflegeseife_creme_care_250ml.jpg"
          },
          {
            "image_urls": [
              "https://www.edeka24.de/out/pictures/generated/product/1/224_224_90/edeka_elkos_vivede_heiamp223er_holunder_sticks_18st.jpg"
            ],
            "ItemTitle": "elkos Vivede Heißer Holunder Sticks 18ST 108G",
            "ItemPrice": "1,89€",
            "ItemUnit": "17,50€/kg",
            "local_image_path": "Drogerie/Körperpflege/edeka_elkos_vivede_heiamp223er_holunder_sticks_18st.jpg"
          },
          {
            "image_urls": [
              "https://www.edeka24.de/out/pictures/generated/product/1/224_224_90/nivea_men_3in1_duschgel_sensitive_250ml.jpg"
            ],
            "ItemTitle": "Nivea Men 3in1 Duschgel Sensitive 250ML",
            "ItemPrice": "1,99€",
            "ItemUnit": "7,96€/l",
            "local_image_path": "Drogerie/Körperpflege/nivea_men_3in1_duschgel_sensitive_250ml.jpg"
          },
          {
            "image_urls": [
              "https://www.edeka24.de/out/pictures/generated/product/1/224_224_90/duschdas_duschgel_magnolie_225ml.jpg"
            ],
            "ItemTitle": "Duschdas Duschgel Magnolie 225ML",
            "ItemPrice": "1,69€",
            "ItemUnit": "7,51€/l",
            "local_image_path": "Drogerie/Körperpflege/duschdas_duschgel_magnolie_225ml.jpg"
          },
          {
            "image_urls": [
              "https://www.edeka24.de/out/pictures/generated/product/1/224_224_90/palmolive_duschgel_wellness_massage_250ml.jpg"
            ],
            "ItemTitle": "Palmolive Duschgel Wellness Massage 250ML",
            "ItemPrice": "1,59€",
            "ItemUnit": "6,36€/l",
            "local_image_path": "Drogerie/Körperpflege/palmolive_duschgel_wellness_massage_250ml.jpg"
          },
          {
            "image_urls": [
              "https://www.edeka24.de/out/pictures/generated/product/1/224_224_90/oralb_zahnbrste_proexpert_rundum_sauber_mittel.jpg"
            ],
            "ItemTitle": "Oral-B Zahnbürste Pro-Expert Rundum Sauber mittel",
            "ItemPrice": "2,29€",
            "ItemUnit": "",
            "local_image_path": "Drogerie/Körperpflege/oralb_zahnbrste_proexpert_rundum_sauber_mittel.jpg"
          },
          {
            "image_urls": [
              "https://www.edeka24.de/out/pictures/generated/product/1/224_224_90/nivea_deo_rollon_pureampampsensitive_antitranspirant_50ml.jpg"
            ],
            "ItemTitle": "Nivea Deo Roll-On Pure & Sensitive Antitranspirant 48h 50ML",
            "ItemPrice": "2,79€",
            "ItemUnit": "55,80€/l",
            "local_image_path": "Drogerie/Körperpflege/nivea_deo_rollon_pureampampsensitive_antitranspirant_50ml.jpg"
          },
          {
            "image_urls": [
              "https://www.edeka24.de/out/pictures/generated/product/1/224_224_90/odolmed3_whiteampampshine_zahncreme_75ml.jpg"
            ],
            "ItemTitle": "Odol-med3 White & Shine Zahncreme 75ML",
            "ItemPrice": "2,79€",
            "ItemUnit": "37,20€/l",
            "local_image_path": "Drogerie/Körperpflege/odolmed3_whiteampampshine_zahncreme_75ml.jpg"
          },
          {
            "image_urls": [
              "https://www.edeka24.de/out/pictures/generated/product/1/224_224_90/dove_men_deospray_comfort_150ml.jpg"
            ],
            "ItemTitle": "Dove Men Deo-Spray Comfort 150ML",
            "ItemPrice": "2,69€",
            "ItemUnit": "17,93€/l",
            "local_image_path": "Drogerie/Körperpflege/dove_men_deospray_comfort_150ml.jpg"
          },
          {
            "image_urls": [
              "https://www.edeka24.de/out/pictures/generated/product/1/224_224_90/cdfeuchtdusche.jpg"
            ],
            "ItemTitle": "CD Feuchtigkeits-Dusche Wasserlilie 50ML",
            "ItemPrice": "0,95€",
            "ItemUnit": "19,00€/l",
            "local_image_path": "Drogerie/Körperpflege/cdfeuchtdusche.jpg"
          },
          {
            "image_urls": [
              "https://www.edeka24.de/out/pictures/generated/product/1/224_224_90/sensodyne_repairampampprotect_zahncreme_75ml.jpg"
            ],
            "ItemTitle": "Sensodyne Repair & Protect Zahncreme 75ML",
            "ItemPrice": "5,99€",
            "ItemUnit": "79,87€/l",
            "local_image_path": "Drogerie/Körperpflege/sensodyne_repairampampprotect_zahncreme_75ml.jpg"
          },
          {
            "image_urls": [
              "https://www.edeka24.de/out/pictures/generated/product/1/224_224_90/elkos_cremeseife_milch_amp_honig_spender_500_ml.jpg"
            ],
            "ItemTitle": "elkos body Cremeseife Milch & Honig Spender 500ML",
            "ItemPrice": "0,69€",
            "ItemUnit": "1,38€/l",
            "local_image_path": "Drogerie/Körperpflege/elkos_cremeseife_milch_amp_honig_spender_500_ml.jpg"
          },
          {
            "image_urls": [
              "https://www.edeka24.de/out/pictures/generated/product/1/224_224_90/axeskate.jpg"
            ],
            "ItemTitle": "Axe Duschgel Skateboard & Fresh Roses 3in1 250ML",
            "ItemPrice": "2,69€",
            "ItemUnit": "10,76€/l",
            "local_image_path": "Drogerie/Körperpflege/axeskate.jpg"
          },
          {
            "image_urls": [
              "https://www.edeka24.de/out/pictures/generated/product/1/224_224_90/fa_pflegende_duschcreme_luxurious_moments_250ml.jpg"
            ],
            "ItemTitle": "Fa Pflegende Duschcreme Luxurious Moments 250ML",
            "ItemPrice": "1,59€",
            "ItemUnit": "6,36€/l",
            "local_image_path": "Drogerie/Körperpflege/fa_pflegende_duschcreme_luxurious_moments_250ml.jpg"
          },
          {
            "image_urls": [
              "https://www.edeka24.de/out/pictures/generated/product/1/224_224_90/edeka_elkos_vivede_meerwasser_schnupfenspray_20ml.jpg"
            ],
            "ItemTitle": "elkos Vivede Meerwasser Schnupfenspray 20ML",
            "ItemPrice": "1,89€",
            "ItemUnit": "94,50€/l",
            "local_image_path": "Drogerie/Körperpflege/edeka_elkos_vivede_meerwasser_schnupfenspray_20ml.jpg"
          },
          {
            "image_urls": [
              "https://www.edeka24.de/out/pictures/generated/product/1/224_224_90/edeka_elkos_women_intimwaschlotion_300ml.jpg"
            ],
            "ItemTitle": "Elkos Intimwaschlotion parfümfrei 300ML",
            "ItemPrice": "2,19€",
            "ItemUnit": "7,30€/l",
            "local_image_path": "Drogerie/Körperpflege/edeka_elkos_women_intimwaschlotion_300ml.jpg"
          },
          {
            "image_urls": [
              "https://www.edeka24.de/out/pictures/generated/product/1/224_224_90/nivea_men_3in1_duschgel_active_clean_250ml.jpg"
            ],
            "ItemTitle": "Nivea Men 3in1 Duschgel Active Clean 250ML",
            "ItemPrice": "1,99€",
            "ItemUnit": "7,96€/l",
            "local_image_path": "Drogerie/Körperpflege/nivea_men_3in1_duschgel_active_clean_250ml.jpg"
          },
          {
            "image_urls": [
              "https://www.edeka24.de/out/pictures/generated/product/1/224_224_90/duschdas_duschgel_sport_225ml.jpg"
            ],
            "ItemTitle": "Duschdas Duschgel Sport 3in1 225ML",
            "ItemPrice": "1,69€",
            "ItemUnit": "7,51€/l",
            "local_image_path": "Drogerie/Körperpflege/duschdas_duschgel_sport_225ml.jpg"
          },
          {
            "image_urls": [
              "https://www.edeka24.de/out/pictures/generated/product/1/224_224_90/schauma_antischuppen_classic_shampoo_400ml(1).jpg"
            ],
            "ItemTitle": "Schwarzkopf Schauma Anti-Schuppen Classic Shampoo 400ML",
            "ItemPrice": "2,29€",
            "ItemUnit": "5,73€/l",
            "local_image_path": "Drogerie/Körperpflege/schauma_antischuppen_classic_shampoo_400ml(1).jpg"
          },
          {
            "image_urls": [
              "https://www.edeka24.de/out/pictures/generated/product/1/224_224_90/taft_haarspray_classic_haltampamppflege_leichter_halt_2_250ml.jpg"
            ],
            "ItemTitle": "Schwarzkopf Taft Classic Haarspray Halt 2 250ML",
            "ItemSalePrice": "2,30€",
            "ItemUnit": "9,20€/l",
            "local_image_path": "Drogerie/Körperpflege/taft_haarspray_classic_haltampamppflege_leichter_halt_2_250ml.jpg"
          },
          {
            "image_urls": [
              "https://www.edeka24.de/out/pictures/generated/product/1/224_224_90/edeka_elkos_dentamax_premium_zahnbamp252rste_mittel_whitening_2st.jpg"
            ],
            "ItemTitle": "elkos DentaMax Premium Zahnbürste mittel Whitening 2ST",
            "ItemPrice": "1,59€",
            "ItemUnit": "0,80€/st",
            "local_image_path": "Drogerie/Körperpflege/edeka_elkos_dentamax_premium_zahnbamp252rste_mittel_whitening_2st.jpg"
          },
          {
            "image_urls": [
              "https://www.edeka24.de/out/pictures/generated/product/1/224_224_90/blendadent_haftcreme_super_complete_extra_stark_frisch_47g.jpg"
            ],
            "ItemTitle": "blend-a-dent Super-Haftcreme Complete extra stark frisch 47G",
            "ItemPrice": "4,99€",
            "ItemUnit": "106,17€/kg",
            "local_image_path": "Drogerie/Körperpflege/blendadent_haftcreme_super_complete_extra_stark_frisch_47g.jpg"
          },
          {
            "image_urls": [
              "https://www.edeka24.de/out/pictures/generated/product/1/224_224_90/drbest_zahnbamp252rste_classic_hochtief_mittel.jpg"
            ],
            "ItemTitle": "Dr. Best Zahnbürste Classic Hoch-Tief mittel 1ST",
            "ItemPrice": "2,29€",
            "ItemUnit": "",
            "local_image_path": "Drogerie/Körperpflege/drbest_zahnbamp252rste_classic_hochtief_mittel.jpg"
          },
          {
            "image_urls": [
              "https://www.edeka24.de/out/pictures/generated/product/1/224_224_90/nivea_men_3in1_duschgel_energy_24h_fresh_effect_250ml.jpg"
            ],
            "ItemTitle": "Nivea Men 3in1 Duschgel Energy 24H Fresh Effect 250ML",
            "ItemPrice": "1,99€",
            "ItemUnit": "7,96€/l",
            "local_image_path": "Drogerie/Körperpflege/nivea_men_3in1_duschgel_energy_24h_fresh_effect_250ml.jpg"
          },
          {
            "image_urls": [
              "https://www.edeka24.de/out/pictures/generated/product/1/224_224_90/guhl_shampoo_langzeit_volumen_famp252r_feines_kraftloses_oder_plattes_haar_250ml.jpg"
            ],
            "ItemTitle": "Guhl Shampoo Langzeit Volumen für feines, kraftloses oder plattes Haar 250ML",
            "ItemPrice": "4,49€",
            "ItemUnit": "17,96€/l",
            "local_image_path": "Drogerie/Körperpflege/guhl_shampoo_langzeit_volumen_famp252r_feines_kraftloses_oder_plattes_haar_250ml.jpg"
          },
          {
            "image_urls": [
              "https://www.edeka24.de/out/pictures/generated/product/1/224_224_90/nivea_men_gesichtspflegecreme_protectcare_75ml.jpg"
            ],
            "ItemTitle": "Nivea Men Gesichtspflegecreme Protect & Care 75ML",
            "ItemPrice": "6,49€",
            "ItemUnit": "86,53€/l",
            "local_image_path": "Wein/ Spirituosen/Spirituosen/highland_park_18_jahre_single_malt_whisky.jpg"
          },
          {
            "image_urls": [
              "https://www.edeka24.de/out/pictures/generated/product/1/224_224_90/kukident_aktiv_plus_303tabs_100g.jpg"
            ],
            "ItemTitle": "Kukident Aktiv Plus 33 Tabs",
            "ItemPrice": "1,99€",
            "ItemUnit": "0,06€/st",
            "local_image_path": "Drogerie/Körperpflege/kukident_aktiv_plus_303tabs_100g.jpg"
          },
          {
            "image_urls": [
              "https://www.edeka24.de/out/pictures/generated/product/1/224_224_90/axe_bodyspray_skateboard_amp_fresh_roses_150ml.jpg"
            ],
            "ItemTitle": "Axe Bodyspray Skateboard & Fresh Roses 150ML",
            "ItemPrice": "4,29€",
            "ItemUnit": "28,60€/l",
            "local_image_path": "Drogerie/Körperpflege/axe_bodyspray_skateboard_amp_fresh_roses_150ml.jpg"
          },
          {
            "image_urls": [
              "https://www.edeka24.de/out/pictures/generated/product/1/224_224_90/bruno_banani_loyal_man_deospray_150ml.jpg"
            ],
            "ItemTitle": "Bruno Banani Loyal Man Deospray 150ML",
            "ItemPrice": "3,99€",
            "ItemUnit": "26,60€/l",
            "local_image_path": "Drogerie/Körperpflege/bruno_banani_loyal_man_deospray_150ml.jpg"
          },
          {
            "image_urls": [
              "https://www.edeka24.de/out/pictures/generated/product/1/224_224_90/palmolivedgorchideekokosnussmilch.jpg"
            ],
            "ItemTitle": "Palmolive Naturals Duschcreme Kokosnuss & Milch 250ML",
            "ItemPrice": "1,59€",
            "ItemUnit": "6,36€/l",
            "local_image_path": "Drogerie/Körperpflege/palmolivedgorchideekokosnussmilch.jpg"
          },
          {
            "image_urls": [
              "https://www.edeka24.de/out/pictures/generated/product/1/224_224_90/signal_zahncreme_sportgel_xxl_125ml.jpg"
            ],
            "ItemTitle": "Signal Zahncreme Sport-Gel Fresh XXL 125ML",
            "ItemPrice": "1,59€",
            "ItemUnit": "12,72€/l",
            "local_image_path": "Wein/ Spirituosen/Spirituosen/highland_park_18_jahre_single_malt_whisky.jpg"
          },
          {
            "image_urls": [
              "https://www.edeka24.de/out/pictures/generated/product/1/224_224_90/nivea_men_sensitive_power_shampoo_250ml.jpg"
            ],
            "ItemTitle": "Nivea Men Sensitive Power Shampoo 250ML",
            "ItemPrice": "2,99€",
            "ItemUnit": "11,96€/l",
            "local_image_path": "Drogerie/Körperpflege/nivea_men_sensitive_power_shampoo_250ml.jpg"
          },
          {
            "image_urls": [
              "https://www.edeka24.de/out/pictures/generated/product/1/224_224_90/meridol_zahnfleischschutz-1.jpg"
            ],
            "ItemTitle": "Meridol Zahncreme Zahnfleischschutz 75ML",
            "ItemPrice": "4,29€",
            "ItemUnit": "57,20€/l",
            "local_image_path": "Wein/ Spirituosen/Spirituosen/highland_park_18_jahre_single_malt_whisky.jpg"
          },
          {
            "image_urls": [
              "https://www.edeka24.de/out/pictures/generated/product/1/224_224_90/axedeomoschuss.jpg"
            ],
            "ItemTitle": "Axe Bodyspray Moschus 150ML",
            "ItemPrice": "4,29€",
            "ItemUnit": "28,60€/l",
            "local_image_path": "Wein/ Spirituosen/Spirituosen/highland_park_18_jahre_single_malt_whisky.jpg"
          },
          {
            "image_urls": [
              "https://www.edeka24.de/out/pictures/generated/product/1/224_224_90/nivea_pflegedusche_creme_sensitive_ph_skin_neutral_250ml.jpg"
            ],
            "ItemTitle": "Nivea Pflegedusche Creme Sensitive PH Skin neutral 250ML",
            "ItemPrice": "1,99€",
            "ItemUnit": "7,96€/l",
            "local_image_path": "Drogerie/Körperpflege/nivea_pflegedusche_creme_sensitive_ph_skin_neutral_250ml.jpg"
          },
          {
            "image_urls": [
              "https://www.edeka24.de/out/pictures/generated/product/1/224_224_90/edeka_elkos_arztseife_flamp252ssig_300ml.jpg"
            ],
            "ItemTitle": "elkos MED Arztseife flüssig 300ML",
            "ItemPrice": "1,39€",
            "ItemUnit": "4,63€/l",
            "local_image_path": "Drogerie/Körperpflege/edeka_elkos_arztseife_flamp252ssig_300ml.jpg"
          },
          {
            "image_urls": [
              "https://www.edeka24.de/out/pictures/generated/product/1/224_224_90/cd_deospray_wasserlilie_150ml.jpg"
            ],
            "ItemTitle": "CD Deo-Spray Wasserlilie 150ML",
            "ItemPrice": "2,29€",
            "ItemUnit": "15,27€/l",
            "local_image_path": "Drogerie/Körperpflege/cd_deospray_wasserlilie_150ml.jpg"
          },
          {
            "image_urls": [
              "https://www.edeka24.de/out/pictures/generated/product/1/224_224_90/sebamed_everyday_shampoo_200ml.jpg"
            ],
            "ItemTitle": "Sebamed Every-Day Shampoo 200ML",
            "ItemPrice": "4,29€",
            "ItemUnit": "21,45€/l",
            "local_image_path": "Drogerie/Körperpflege/sebamed_everyday_shampoo_200ml.jpg"
          },
          {
            "image_urls": [
              "https://www.edeka24.de/out/pictures/generated/product/1/224_224_90/kamillhandnagel.jpg"
            ],
            "ItemTitle": "Kamill Hand & Nagelcreme Classic 100ML",
            "ItemPrice": "1,59€",
            "ItemUnit": "15,90€/l",
            "local_image_path": "Drogerie/Körperpflege/kamillhandnagel.jpg"
          },
          {
            "image_urls": [
              "https://www.edeka24.de/out/pictures/generated/product/1/224_224_90/rau_arztseife_fest_100_g.jpg"
            ],
            "ItemTitle": "Rau Arztseife fest 100G",
            "ItemPrice": "1,59€",
            "ItemUnit": "15,90€/kg",
            "local_image_path": "Drogerie/Körperpflege/rau_arztseife_fest_100_g.jpg"
          },
          {
            "image_urls": [
              "https://www.edeka24.de/out/pictures/generated/product/1/224_224_90/elmex_zahnpasta_sensitive_sanftes_weiss_mit_aluminfluorid.jpg"
            ],
            "ItemTitle": "Elmex Zahnpasta Sensitive Sanftes Weiss 75ML",
            "ItemPrice": "5,29€",
            "ItemUnit": "70,53€/l",
            "local_image_path": "Drogerie/Körperpflege/elmex_zahnpasta_sensitive_sanftes_weiss_mit_aluminfluorid.jpg"
          },
          {
            "image_urls": [
              "https://www.edeka24.de/out/pictures/generated/product/1/224_224_90/eelkos_cremebad_soft_c1000ml.jpg"
            ],
            "ItemTitle": "elkos Body Cremebad Soft Care 1L",
            "ItemPrice": "1,69€",
            "ItemUnit": "1,69€/l",
            "local_image_path": "Drogerie/Körperpflege/eelkos_cremebad_soft_c1000ml.jpg"
          },
          {
            "image_urls": [
              "https://www.edeka24.de/out/pictures/generated/product/1/224_224_90/gard_styling_haargel_invisible_150ml.jpg"
            ],
            "ItemTitle": "Gard Styling Haargel Invisible sehr stark 150ML",
            "ItemPrice": "2,79€",
            "ItemUnit": "18,60€/l",
            "local_image_path": "Drogerie/Körperpflege/gard_styling_haargel_invisible_150ml.jpg"
          },
          {
            "image_urls": [
              "https://www.edeka24.de/out/pictures/generated/product/1/224_224_90/scholl_expert_care_intensiv_pflegende_fussmaske_in_socken_aloe_vera_2st.jpg"
            ],
            "ItemTitle": "Scholl Expert Care Intensiv Pflegende Fussmaske in Socken Aloe Vera 2ST",
            "ItemPrice": "5,99€",
            "ItemUnit": "3,00€/st",
            "local_image_path": "Drogerie/Körperpflege/scholl_expert_care_intensiv_pflegende_fussmaske_in_socken_aloe_vera_2st.jpg"
          },
          {
            "image_urls": [
              "https://www.edeka24.de/out/pictures/generated/product/1/224_224_90/kukident_superhaftcreme_extra_starker_halt.jpg"
            ],
            "ItemTitle": "Kukident Professionell Haftcreme extra starker Halt 40 g",
            "ItemPrice": "2,49€",
            "ItemUnit": "62,25€/kg",
            "local_image_path": "Drogerie/Körperpflege/kukident_superhaftcreme_extra_starker_halt.jpg"
          },
          {
            "image_urls": [
              "https://www.edeka24.de/out/pictures/generated/product/1/224_224_90/nivealavendel.jpg"
            ],
            "ItemTitle": "Nivea Body Lotion Lavendel 48h Tiefenpflege Serum 400ML",
            "ItemPrice": "5,49€",
            "ItemUnit": "13,73€/l",
            "local_image_path": "Drogerie/Körperpflege/nivealavendel.jpg"
          },
          {
            "image_urls": [
              "https://www.edeka24.de/out/pictures/generated/product/1/224_224_90/niveamencreme.jpg"
            ],
            "ItemTitle": "Nivea Men Creme 150ML",
            "ItemPrice": "3,89€",
            "ItemUnit": "25,93€/l",
            "local_image_path": "Drogerie/Körperpflege/niveamencreme.jpg"
          },
          {
            "image_urls": [
              "https://www.edeka24.de/out/pictures/generated/product/1/224_224_90/neutrogena_norwegische_formel_sofort_einziehende_feuchtigkeitscreme_200ml.jpg"
            ],
            "ItemTitle": "Neutrogena Norwegische Formel Sofort einziehende Feuchtigkeitscreme 200ML",
            "ItemPrice": "2,99€",
            "ItemUnit": "14,95€/l",
            "local_image_path": "Wein/ Spirituosen/Spirituosen/highland_park_18_jahre_single_malt_whisky.jpg"
          },
          {
            "image_urls": [
              "https://www.edeka24.de/out/pictures/generated/product/1/224_224_90/meridol_zahnbrste_mittel.jpg"
            ],
            "ItemTitle": "Meridol Zahnbürste mittel",
            "ItemPrice": "3,79€",
            "ItemUnit": "3,79€/st",
            "local_image_path": "Drogerie/Körperpflege/meridol_zahnbrste_mittel.jpg"
          },
          {
            "image_urls": [
              "https://www.edeka24.de/out/pictures/generated/product/1/224_224_90/taft_haarspray_classic_haltampamppflege_leichter_halt_2_250ml.jpg"
            ],
            "ItemTitle": "Schwarzkopf Taft Classic Haarspray Halt 2 250ML",
            "ItemSalePrice": "2,30€",
            "ItemUnit": "9,20€/l",
            "local_image_path": "Drogerie/Körperpflege/taft_haarspray_classic_haltampamppflege_leichter_halt_2_250ml.jpg"
          },
          {
            "image_urls": [
              "https://www.edeka24.de/out/pictures/generated/product/1/224_224_90/edeka_elkos_dentamax_premium_zahnbamp252rste_mittel_whitening_2st.jpg"
            ],
            "ItemTitle": "elkos DentaMax Premium Zahnbürste mittel Whitening 2ST",
            "ItemPrice": "1,59€",
            "ItemUnit": "0,80€/st",
            "local_image_path": "Drogerie/Körperpflege/edeka_elkos_dentamax_premium_zahnbamp252rste_mittel_whitening_2st.jpg"
          },
          {
            "image_urls": [
              "https://www.edeka24.de/out/pictures/generated/product/1/224_224_90/blendadent_haftcreme_super_complete_extra_stark_frisch_47g.jpg"
            ],
            "ItemTitle": "blend-a-dent Super-Haftcreme Complete extra stark frisch 47G",
            "ItemPrice": "4,99€",
            "ItemUnit": "106,17€/kg",
            "local_image_path": "Drogerie/Körperpflege/blendadent_haftcreme_super_complete_extra_stark_frisch_47g.jpg"
          },
          {
            "image_urls": [
              "https://www.edeka24.de/out/pictures/generated/product/1/224_224_90/drbest_zahnbamp252rste_classic_hochtief_mittel.jpg"
            ],
            "ItemTitle": "Dr. Best Zahnbürste Classic Hoch-Tief mittel 1ST",
            "ItemPrice": "2,29€",
            "ItemUnit": "",
            "local_image_path": "Drogerie/Körperpflege/drbest_zahnbamp252rste_classic_hochtief_mittel.jpg"
          },
          {
            "image_urls": [
              "https://www.edeka24.de/out/pictures/generated/product/1/224_224_90/nivea_men_3in1_duschgel_energy_24h_fresh_effect_250ml.jpg"
            ],
            "ItemTitle": "Nivea Men 3in1 Duschgel Energy 24H Fresh Effect 250ML",
            "ItemPrice": "1,99€",
            "ItemUnit": "7,96€/l",
            "local_image_path": "Drogerie/Körperpflege/nivea_men_3in1_duschgel_energy_24h_fresh_effect_250ml.jpg"
          },
          {
            "image_urls": [
              "https://www.edeka24.de/out/pictures/generated/product/1/224_224_90/guhl_shampoo_langzeit_volumen_famp252r_feines_kraftloses_oder_plattes_haar_250ml.jpg"
            ],
            "ItemTitle": "Guhl Shampoo Langzeit Volumen für feines, kraftloses oder plattes Haar 250ML",
            "ItemPrice": "4,49€",
            "ItemUnit": "17,96€/l",
            "local_image_path": "Drogerie/Körperpflege/guhl_shampoo_langzeit_volumen_famp252r_feines_kraftloses_oder_plattes_haar_250ml.jpg"
          },
          {
            "image_urls": [
              "https://www.edeka24.de/out/pictures/generated/product/1/224_224_90/nivea_men_gesichtspflegecreme_protectcare_75ml.jpg"
            ],
            "ItemTitle": "Nivea Men Gesichtspflegecreme Protect & Care 75ML",
            "ItemPrice": "6,49€",
            "ItemUnit": "86,53€/l",
            "local_image_path": "Wein/ Spirituosen/Spirituosen/highland_park_18_jahre_single_malt_whisky.jpg"
          },
          {
            "image_urls": [
              "https://www.edeka24.de/out/pictures/generated/product/1/224_224_90/kukident_aktiv_plus_303tabs_100g.jpg"
            ],
            "ItemTitle": "Kukident Aktiv Plus 33 Tabs",
            "ItemPrice": "1,99€",
            "ItemUnit": "0,06€/st",
            "local_image_path": "Drogerie/Körperpflege/kukident_aktiv_plus_303tabs_100g.jpg"
          },
          {
            "image_urls": [
              "https://www.edeka24.de/out/pictures/generated/product/1/224_224_90/axe_bodyspray_skateboard_amp_fresh_roses_150ml.jpg"
            ],
            "ItemTitle": "Axe Bodyspray Skateboard & Fresh Roses 150ML",
            "ItemPrice": "4,29€",
            "ItemUnit": "28,60€/l",
            "local_image_path": "Drogerie/Körperpflege/axe_bodyspray_skateboard_amp_fresh_roses_150ml.jpg"
          },
          {
            "image_urls": [
              "https://www.edeka24.de/out/pictures/generated/product/1/224_224_90/bruno_banani_loyal_man_deospray_150ml.jpg"
            ],
            "ItemTitle": "Bruno Banani Loyal Man Deospray 150ML",
            "ItemPrice": "3,99€",
            "ItemUnit": "26,60€/l",
            "local_image_path": "Drogerie/Körperpflege/bruno_banani_loyal_man_deospray_150ml.jpg"
          },
          {
            "image_urls": [
              "https://www.edeka24.de/out/pictures/generated/product/1/224_224_90/palmolivedgorchideekokosnussmilch.jpg"
            ],
            "ItemTitle": "Palmolive Naturals Duschcreme Kokosnuss & Milch 250ML",
            "ItemPrice": "1,59€",
            "ItemUnit": "6,36€/l",
            "local_image_path": "Drogerie/Körperpflege/palmolivedgorchideekokosnussmilch.jpg"
          },
          {
            "image_urls": [
              "https://www.edeka24.de/out/pictures/generated/product/1/224_224_90/signal_zahncreme_sportgel_xxl_125ml.jpg"
            ],
            "ItemTitle": "Signal Zahncreme Sport-Gel Fresh XXL 125ML",
            "ItemPrice": "1,59€",
            "ItemUnit": "12,72€/l",
            "local_image_path": "Wein/ Spirituosen/Spirituosen/highland_park_18_jahre_single_malt_whisky.jpg"
          },
          {
            "image_urls": [
              "https://www.edeka24.de/out/pictures/generated/product/1/224_224_90/nivea_men_sensitive_power_shampoo_250ml.jpg"
            ],
            "ItemTitle": "Nivea Men Sensitive Power Shampoo 250ML",
            "ItemPrice": "2,99€",
            "ItemUnit": "11,96€/l",
            "local_image_path": "Drogerie/Körperpflege/nivea_men_sensitive_power_shampoo_250ml.jpg"
          },
          {
            "image_urls": [
              "https://www.edeka24.de/out/pictures/generated/product/1/224_224_90/meridol_zahnfleischschutz-1.jpg"
            ],
            "ItemTitle": "Meridol Zahncreme Zahnfleischschutz 75ML",
            "ItemPrice": "4,29€",
            "ItemUnit": "57,20€/l",
            "local_image_path": "Wein/ Spirituosen/Spirituosen/highland_park_18_jahre_single_malt_whisky.jpg"
          },
          {
            "image_urls": [
              "https://www.edeka24.de/out/pictures/generated/product/1/224_224_90/axedeomoschuss.jpg"
            ],
            "ItemTitle": "Axe Bodyspray Moschus 150ML",
            "ItemPrice": "4,29€",
            "ItemUnit": "28,60€/l",
            "local_image_path": "Wein/ Spirituosen/Spirituosen/highland_park_18_jahre_single_malt_whisky.jpg"
          },
          {
            "image_urls": [
              "https://www.edeka24.de/out/pictures/generated/product/1/224_224_90/nivea_pflegedusche_creme_sensitive_ph_skin_neutral_250ml.jpg"
            ],
            "ItemTitle": "Nivea Pflegedusche Creme Sensitive PH Skin neutral 250ML",
            "ItemPrice": "1,99€",
            "ItemUnit": "7,96€/l",
            "local_image_path": "Drogerie/Körperpflege/nivea_pflegedusche_creme_sensitive_ph_skin_neutral_250ml.jpg"
          },
          {
            "image_urls": [
              "https://www.edeka24.de/out/pictures/generated/product/1/224_224_90/edeka_elkos_arztseife_flamp252ssig_300ml.jpg"
            ],
            "ItemTitle": "elkos MED Arztseife flüssig 300ML",
            "ItemPrice": "1,39€",
            "ItemUnit": "4,63€/l",
            "local_image_path": "Drogerie/Körperpflege/edeka_elkos_arztseife_flamp252ssig_300ml.jpg"
          },
          {
            "image_urls": [
              "https://www.edeka24.de/out/pictures/generated/product/1/224_224_90/cd_deospray_wasserlilie_150ml.jpg"
            ],
            "ItemTitle": "CD Deo-Spray Wasserlilie 150ML",
            "ItemPrice": "2,29€",
            "ItemUnit": "15,27€/l",
            "local_image_path": "Drogerie/Körperpflege/cd_deospray_wasserlilie_150ml.jpg"
          },
          {
            "image_urls": [
              "https://www.edeka24.de/out/pictures/generated/product/1/224_224_90/sebamed_everyday_shampoo_200ml.jpg"
            ],
            "ItemTitle": "Sebamed Every-Day Shampoo 200ML",
            "ItemPrice": "4,29€",
            "ItemUnit": "21,45€/l",
            "local_image_path": "Drogerie/Körperpflege/sebamed_everyday_shampoo_200ml.jpg"
          },
          {
            "image_urls": [
              "https://www.edeka24.de/out/pictures/generated/product/1/224_224_90/kamillhandnagel.jpg"
            ],
            "ItemTitle": "Kamill Hand & Nagelcreme Classic 100ML",
            "ItemPrice": "1,59€",
            "ItemUnit": "15,90€/l",
            "local_image_path": "Drogerie/Körperpflege/kamillhandnagel.jpg"
          },
          {
            "image_urls": [
              "https://www.edeka24.de/out/pictures/generated/product/1/224_224_90/rau_arztseife_fest_100_g.jpg"
            ],
            "ItemTitle": "Rau Arztseife fest 100G",
            "ItemPrice": "1,59€",
            "ItemUnit": "15,90€/kg",
            "local_image_path": "Drogerie/Körperpflege/rau_arztseife_fest_100_g.jpg"
          },
          {
            "image_urls": [
              "https://www.edeka24.de/out/pictures/generated/product/1/224_224_90/elmex_zahnpasta_sensitive_sanftes_weiss_mit_aluminfluorid.jpg"
            ],
            "ItemTitle": "Elmex Zahnpasta Sensitive Sanftes Weiss 75ML",
            "ItemPrice": "5,29€",
            "ItemUnit": "70,53€/l",
            "local_image_path": "Drogerie/Körperpflege/elmex_zahnpasta_sensitive_sanftes_weiss_mit_aluminfluorid.jpg"
          },
          {
            "image_urls": [
              "https://www.edeka24.de/out/pictures/generated/product/1/224_224_90/eelkos_cremebad_soft_c1000ml.jpg"
            ],
            "ItemTitle": "elkos Body Cremebad Soft Care 1L",
            "ItemPrice": "1,69€",
            "ItemUnit": "1,69€/l",
            "local_image_path": "Drogerie/Körperpflege/eelkos_cremebad_soft_c1000ml.jpg"
          },
          {
            "image_urls": [
              "https://www.edeka24.de/out/pictures/generated/product/1/224_224_90/gard_styling_haargel_invisible_150ml.jpg"
            ],
            "ItemTitle": "Gard Styling Haargel Invisible sehr stark 150ML",
            "ItemPrice": "2,79€",
            "ItemUnit": "18,60€/l",
            "local_image_path": "Drogerie/Körperpflege/gard_styling_haargel_invisible_150ml.jpg"
          },
          {
            "image_urls": [
              "https://www.edeka24.de/out/pictures/generated/product/1/224_224_90/scholl_expert_care_intensiv_pflegende_fussmaske_in_socken_aloe_vera_2st.jpg"
            ],
            "ItemTitle": "Scholl Expert Care Intensiv Pflegende Fussmaske in Socken Aloe Vera 2ST",
            "ItemPrice": "5,99€",
            "ItemUnit": "3,00€/st",
            "local_image_path": "Drogerie/Körperpflege/scholl_expert_care_intensiv_pflegende_fussmaske_in_socken_aloe_vera_2st.jpg"
          },
          {
            "image_urls": [
              "https://www.edeka24.de/out/pictures/generated/product/1/224_224_90/kukident_superhaftcreme_extra_starker_halt.jpg"
            ],
            "ItemTitle": "Kukident Professionell Haftcreme extra starker Halt 40 g",
            "ItemPrice": "2,49€",
            "ItemUnit": "62,25€/kg",
            "local_image_path": "Drogerie/Körperpflege/kukident_superhaftcreme_extra_starker_halt.jpg"
          },
          {
            "image_urls": [
              "https://www.edeka24.de/out/pictures/generated/product/1/224_224_90/nivealavendel.jpg"
            ],
            "ItemTitle": "Nivea Body Lotion Lavendel 48h Tiefenpflege Serum 400ML",
            "ItemPrice": "5,49€",
            "ItemUnit": "13,73€/l",
            "local_image_path": "Drogerie/Körperpflege/nivealavendel.jpg"
          },
          {
            "image_urls": [
              "https://www.edeka24.de/out/pictures/generated/product/1/224_224_90/niveamencreme.jpg"
            ],
            "ItemTitle": "Nivea Men Creme 150ML",
            "ItemPrice": "3,89€",
            "ItemUnit": "25,93€/l",
            "local_image_path": "Drogerie/Körperpflege/niveamencreme.jpg"
          },
          {
            "image_urls": [
              "https://www.edeka24.de/out/pictures/generated/product/1/224_224_90/neutrogena_norwegische_formel_sofort_einziehende_feuchtigkeitscreme_200ml.jpg"
            ],
            "ItemTitle": "Neutrogena Norwegische Formel Sofort einziehende Feuchtigkeitscreme 200ML",
            "ItemPrice": "2,99€",
            "ItemUnit": "14,95€/l",
            "local_image_path": "Wein/ Spirituosen/Spirituosen/highland_park_18_jahre_single_malt_whisky.jpg"
          },
          {
            "image_urls": [
              "https://www.edeka24.de/out/pictures/generated/product/1/224_224_90/meridol_zahnbrste_mittel.jpg"
            ],
            "ItemTitle": "Meridol Zahnbürste mittel",
            "ItemPrice": "3,79€",
            "ItemUnit": "3,79€/st",
            "local_image_path": "Drogerie/Körperpflege/meridol_zahnbrste_mittel.jpg"
          },
          {
            "image_urls": [
              "https://www.edeka24.de/out/pictures/generated/product/1/224_224_90/sun_d039or_sonnenmilch_lsf_30_250ml.jpg"
            ],
            "ItemTitle": "Sun D'Or Sonnenmilch LSF 30 250ML",
            "ItemPrice": "3,49€",
            "ItemUnit": "13,96€/l",
            "local_image_path": "Drogerie/Körperpflege/sun_d039or_sonnenmilch_lsf_30_250ml.jpg"
          },
          {
            "image_urls": [
              "https://www.edeka24.de/out/pictures/generated/product/1/224_224_90/elkos_face_aufbauende_tagescreme_q10_50ml.jpg"
            ],
            "ItemTitle": "Elkos FACE Anti-Falten Tagescreme Q10 50ML",
            "ItemPrice": "2,19€",
            "ItemUnit": "43,80€/l",
            "local_image_path": "Drogerie/Körperpflege/elkos_face_aufbauende_tagescreme_q10_50ml.jpg"
          },
          {
            "image_urls": [
              "https://www.edeka24.de/out/pictures/generated/product/1/224_224_90/duschdas_duschgel_noire_225ml.jpg"
            ],
            "ItemTitle": "Duschdas Duschgel Noire 3in1 225ML",
            "ItemPrice": "1,69€",
            "ItemUnit": "7,51€/l",
            "local_image_path": "Drogerie/Körperpflege/duschdas_duschgel_noire_225ml.jpg"
          },
          {
            "image_urls": [
              "https://www.edeka24.de/out/pictures/generated/product/1/224_224_90/edeka_elkos_men_shampoo_hopfenampampmeersalz_500ml(1).jpg"
            ],
            "ItemTitle": "elkos MEN Shampoo Hopfen & Meersalz 500ML",
            "ItemPrice": "0,99€",
            "ItemUnit": "1,98€/l",
            "local_image_path": "Drogerie/Körperpflege/edeka_elkos_men_shampoo_hopfenampampmeersalz_500ml(1).jpg"
          },
          {
            "image_urls": [
              "https://www.edeka24.de/out/pictures/generated/product/1/224_224_90/elkos_abdeckstift_4_g.jpg"
            ],
            "ItemTitle": "Elkos Abdeckstift 4G",
            "ItemPrice": "1,89€",
            "ItemUnit": "472,50€/kg",
            "local_image_path": "Drogerie/Körperpflege/elkos_abdeckstift_4_g.jpg"
          },
          {
            "image_urls": [
              "https://www.edeka24.de/out/pictures/generated/product/1/224_224_90/nivea_men_3in1_duschgel_protectampampcare_250ml.jpg"
            ],
            "ItemTitle": "Nivea Men 3in1 Duschgel Protect & Care 250ML",
            "ItemPrice": "1,99€",
            "ItemUnit": "7,96€/l",
            "local_image_path": "Drogerie/Körperpflege/nivea_men_3in1_duschgel_protectampampcare_250ml.jpg"
          },
          {
            "image_urls": [
              "https://www.edeka24.de/out/pictures/generated/product/1/224_224_90/elkos_24hstyle_haargel_mega_stark_150ml.jpg"
            ],
            "ItemTitle": "Elkos 24h-Style Haargel mega stark 150ML",
            "ItemPrice": "1,69€",
            "ItemUnit": "11,27€/l",
            "local_image_path": "Drogerie/Körperpflege/elkos_24hstyle_haargel_mega_stark_150ml.jpg"
          },
          {
            "image_urls": [
              "https://www.edeka24.de/out/pictures/generated/product/1/224_224_90/lorealmenexpertinvinciblesport.jpg"
            ],
            "ItemTitle": "L'Oreal Men Expert Invincible Sport Ultra Absorbing Anti-Transpirant 72H 150ML",
            "ItemPrice": "2,79€",
            "ItemUnit": "18,60€/l",
            "local_image_path": "Drogerie/Körperpflege/lorealmenexpertinvinciblesport.jpg"
          },
          {
            "image_urls": [
              "https://www.edeka24.de/out/pictures/generated/product/1/224_224_90/frosch_reine_pflege_cremeseife_aloe_vera_nachfamp252llbeutel_500ml.jpg"
            ],
            "ItemTitle": "Frosch Reine Pflege Cremeseife Aloe Vera Nachfüllbeutel 500ML",
            "ItemPrice": "2,79€",
            "ItemUnit": "5,58€/l",
            "local_image_path": "Drogerie/Körperpflege/frosch_reine_pflege_cremeseife_aloe_vera_nachfamp252llbeutel_500ml.jpg"
          },
          {
            "image_urls": [
              "https://www.edeka24.de/out/pictures/generated/product/1/224_224_90/elkos_med_tagescreme_urea_50_ml.jpg"
            ],
            "ItemTitle": "Elkos Med Tagescreme + Urea 50ML",
            "ItemPrice": "2,99€",
            "ItemUnit": "59,80€/l",
            "local_image_path": "Drogerie/Körperpflege/elkos_med_tagescreme_urea_50_ml.jpg"
          },
          {
            "image_urls": [
              "https://www.edeka24.de/out/pictures/generated/product/1/224_224_90/edeka_elkos_schamp246nheitsmomente_shampoo_hafer_250ml.jpg"
            ],
            "ItemTitle": "elkos Natürliche Schönheitsmomente Shampoo Hafermilch 250ML",
            "ItemPrice": "1,39€",
            "ItemUnit": "5,56€/l",
            "local_image_path": "Drogerie/Körperpflege/edeka_elkos_schamp246nheitsmomente_shampoo_hafer_250ml.jpg"
          },
          {
            "image_urls": [
              "https://www.edeka24.de/out/pictures/generated/product/1/224_224_90/kukident_zahnweiamp223_intensiv_30tabs.jpg"
            ],
            "ItemTitle": "Kukident Professionell Reiniger Zahnweiß 30 Tabs",
            "ItemPrice": "2,29€",
            "ItemUnit": "0,08€/st",
            "local_image_path": "Wein/ Spirituosen/Spirituosen/highland_park_18_jahre_single_malt_whisky.jpg"
          },
          {
            "image_urls": [
              "https://www.edeka24.de/out/pictures/generated/product/1/224_224_90/sagrotantcher2in1.jpg"
            ],
            "ItemTitle": "Sagrotan 2in1 Desinfektions-Tücher 15ST",
            "ItemPrice": "2,49€",
            "ItemUnit": "0,17€/st",
            "local_image_path": "Wein/ Spirituosen/Spirituosen/highland_park_18_jahre_single_malt_whisky.jpg"
          },
          {
            "image_urls": [
              "https://www.edeka24.de/out/pictures/generated/product/1/224_224_90/sebamed_wellness_dusche.jpg"
            ],
            "ItemTitle": "Sebamed Wellness Dusche 200ML",
            "ItemPrice": "3,29€",
            "ItemUnit": "16,45€/l",
            "local_image_path": "Drogerie/Körperpflege/sebamed_wellness_dusche.jpg"
          },
          {
            "image_urls": [
              "https://www.edeka24.de/out/pictures/generated/product/1/224_224_90/speicknaturalseife.jpg"
            ],
            "ItemTitle": "Speick Festseife Natural 100G",
            "ItemPrice": "2,29€",
            "ItemUnit": "22,90€/kg",
            "local_image_path": "Drogerie/Körperpflege/speicknaturalseife.jpg"
          },
          {
            "image_urls": [
              "https://www.edeka24.de/out/pictures/generated/product/1/224_224_90/meridol_zahnbamp252rste_sanft.jpg"
            ],
            "ItemTitle": "Meridol Zahnbürste sanft 1ST",
            "ItemPrice": "3,79€",
            "ItemUnit": "",
            "local_image_path": "Drogerie/Körperpflege/meridol_zahnbamp252rste_sanft.jpg"
          },
          {
            "image_urls": [
              "https://www.edeka24.de/out/pictures/generated/product/1/224_224_90/elvital_spamp252lungen_antihaarbruch_famp252r_trockenesstrapaziertes_und_sehr_bramp252chiges_haar_250ml.jpg"
            ],
            "ItemTitle": "L'Oreal Elvital Anti-Haarbruch Pflegende Aufbau-Spülung 250ML",
            "ItemPrice": "4,29€",
            "ItemUnit": "17,16€/l",
            "local_image_path": "Drogerie/Körperpflege/elvital_spamp252lungen_antihaarbruch_famp252r_trockenesstrapaziertes_und_sehr_bramp252chiges_haar_250ml.jpg"
          },
          {
            "image_urls": [
              "https://www.edeka24.de/out/pictures/generated/product/1/224_224_90/taft_haarspray_volumen_alle_haartypen_250ml.jpg"
            ],
            "ItemTitle": "Schwarzkopf Taft Volumen Haarspray halt 3 250ML",
            "ItemPrice": "3,29€",
            "ItemUnit": "13,16€/l",
            "local_image_path": "Drogerie/Körperpflege/taft_haarspray_volumen_alle_haartypen_250ml.jpg"
          },
          {
            "image_urls": [
              "https://www.edeka24.de/out/pictures/generated/product/1/224_224_90/kneippentspannungpurdose.jpg"
            ],
            "ItemTitle": "Kneipp Badekristalle Entspannung Pur Melisse 600G",
            "ItemPrice": "6,99€",
            "ItemUnit": "11,65€/kg",
            "local_image_path": "Drogerie/Körperpflege/kneippentspannungpurdose.jpg"
          },
          {
            "image_urls": [
              "https://www.edeka24.de/out/pictures/generated/product/1/224_224_90/axe_bodyspray_collision_leather_amp_cookies_150ml.jpg"
            ],
            "ItemTitle": "Axe Bodyspray Leather & Cookies 150ML",
            "ItemPrice": "4,29€",
            "ItemUnit": "28,60€/l",
            "local_image_path": "Drogerie/Körperpflege/axe_bodyspray_collision_leather_amp_cookies_150ml.jpg"
          },
          {
            "image_urls": [
              "https://www.edeka24.de/out/pictures/generated/product/1/224_224_90/nivea_q10_power_antifalten_porenverfeinernde_tagespflege_lsf15_50ml.jpg"
            ],
            "ItemTitle": "Nivea Q10 Power Anti-Falten Porenverfeinernde Tagespflege LSF15 50ML",
            "ItemPrice": "13,99€",
            "ItemUnit": "279,80€/l",
            "local_image_path": "Drogerie/Körperpflege/nivea_q10_power_antifalten_porenverfeinernde_tagespflege_lsf15_50ml.jpg"
          },
          {
            "image_urls": [
              "https://www.edeka24.de/out/pictures/generated/product/1/224_224_90/florena_handkonzentrat_intensive_soforthilfe_mit_sheabutter_amp_arganl.jpg"
            ],
            "ItemTitle": "Florena Handkonzentrat Intensive Soforthilfe mit Sheabutter & Arganöl 50ML",
            "ItemPrice": "1,59€",
            "ItemUnit": "31,80€/l",
            "local_image_path": "Drogerie/Körperpflege/florena_handkonzentrat_intensive_soforthilfe_mit_sheabutter_amp_arganl.jpg"
          },
          {
            "image_urls": [
              "https://www.edeka24.de/out/pictures/generated/product/1/224_224_90/bltezeit_q10_glttende_tagescreme_50ml.jpg"
            ],
            "ItemTitle": "Blütezeit Q10 Glättende Tagescreme 50ML",
            "ItemPrice": "3,79€",
            "ItemUnit": "75,80€/l",
            "local_image_path": "Drogerie/Körperpflege/bltezeit_q10_glttende_tagescreme_50ml.jpg"
          },
          {
            "image_urls": [
              "https://www.edeka24.de/out/pictures/generated/product/1/224_224_90/guhl_men_3in1_shampoo_frischeampamppflege_famp252r_haarkamp246rperampampgesicht_250_ml.jpg"
            ],
            "ItemTitle": "Guhl MEN 3in1 Shampoo Frische & Pflege für Haar, Körper & Gesicht 250ML",
            "ItemPrice": "4,49€",
            "ItemUnit": "17,96€/l",
            "local_image_path": "Drogerie/Körperpflege/guhl_men_3in1_shampoo_frischeampamppflege_famp252r_haarkamp246rperampampgesicht_250_ml.jpg"
          },
          {
            "image_urls": [
              "https://www.edeka24.de/out/pictures/generated/product/1/224_224_90/dove_body_lotion_hydro_pflege_400ml.jpg"
            ],
            "ItemTitle": "Dove Body Love Hydro Pflege Body Lotion 400ML",
            "ItemPrice": "4,29€",
            "ItemUnit": "10,73€/l",
            "local_image_path": "Drogerie/Körperpflege/dove_body_lotion_hydro_pflege_400ml.jpg"
          },
          {
            "image_urls": [
              "https://www.edeka24.de/out/pictures/generated/product/1/224_224_90/headampampshoulders_2in1_shampoo_apple_fresh_250ml.jpg"
            ],
            "ItemTitle": "Head & Shoulders 2in1 Shampoo Apple Fresh 250ML",
            "ItemPrice": "4,99€",
            "ItemUnit": "19,96€/l",
            "local_image_path": "Drogerie/Körperpflege/headampampshoulders_2in1_shampoo_apple_fresh_250ml.jpg"
          },
          {
            "image_urls": [
              "https://www.edeka24.de/out/pictures/generated/product/1/224_224_90/bruno_banani_loyal_man_iv_showergel_250ml.jpg"
            ],
            "ItemTitle": "Bruno Banani Loyal Man 3in1 Duschgel 250ML",
            "ItemPrice": "3,79€",
            "ItemUnit": "15,16€/l",
            "local_image_path": "Drogerie/Körperpflege/bruno_banani_loyal_man_iv_showergel_250ml.jpg"
          },
          {
            "image_urls": [
              "https://www.edeka24.de/out/pictures/generated/product/1/224_224_90/messy.jpg"
            ],
            "ItemTitle": "L'Oreal Studio Line Matt & Messy - Stärke 8 150ML",
            "ItemPrice": "3,29€",
            "ItemUnit": "21,93€/l",
            "local_image_path": "Drogerie/Körperpflege/messy.jpg"
          },
          {
            "image_urls": [
              "https://www.edeka24.de/out/pictures/generated/product/1/224_224_90/schauma_7_kramp228uter_shampoo_nachfamp252llpack_800ml.jpg"
            ],
            "ItemTitle": "Schwarzkopf Schauma 7 Kräuter Shampoo Nachfüllpack 800ML",
            "ItemPrice": "3,29€",
            "ItemUnit": "4,11€/l",
            "local_image_path": "Drogerie/Körperpflege/schauma_7_kramp228uter_shampoo_nachfamp252llpack_800ml.jpg"
          },
          {
            "image_urls": [
              "https://www.edeka24.de/out/pictures/generated/product/1/224_224_90/syoss_shampoo_full_hair_5_440ml.jpg"
            ],
            "ItemTitle": "Syoss Full Hair 5 Shampoo 440ML",
            "ItemPrice": "3,79€",
            "ItemUnit": "8,61€/l",
            "local_image_path": "Drogerie/Körperpflege/syoss_shampoo_full_hair_5_440ml.jpg"
          },
          {
            "image_urls": [
              "https://www.edeka24.de/out/pictures/generated/product/1/224_224_90/schauma_fruchtampampvitamin_spamp252lung_250ml(1).jpg"
            ],
            "ItemTitle": "Schwarzkopf Schauma Frucht & Vitamin Spülung 250ML",
            "ItemPrice": "2,29€",
            "ItemUnit": "9,16€/l",
            "local_image_path": "Drogerie/Körperpflege/schauma_fruchtampampvitamin_spamp252lung_250ml(1).jpg"
          },
          {
            "image_urls": [
              "https://www.edeka24.de/out/pictures/generated/product/1/224_224_90/blamp220tezeit_kamp246rpermilch_bio_malvenblamp252te_250ml.jpg"
            ],
            "ItemTitle": "Blüte-Zeit Körpermilch Bio Malvenblüte 250ML",
            "ItemPrice": "2,79€",
            "ItemUnit": "11,16€/l",
            "local_image_path": "Drogerie/Körperpflege/blamp220tezeit_kamp246rpermilch_bio_malvenblamp252te_250ml.jpg"
          },
          {
            "image_urls": [
              "https://www.edeka24.de/out/pictures/generated/product/1/224_224_90/listerine_mundspamp252lung_zahnsteinschutz_600ml.jpg"
            ],
            "ItemTitle": "Listerine Total Care Zahnsteinschutz Mundspülung 600ML",
            "ItemPrice": "4,99€",
            "ItemUnit": "8,32€/l",
            "local_image_path": "Drogerie/Körperpflege/listerine_mundspamp252lung_zahnsteinschutz_600ml.jpg"
          },
          {
            "image_urls": [
              "https://www.edeka24.de/out/pictures/generated/product/1/224_224_90/nivea_anti_schuppen_shampoo_250ml.jpg"
            ],
            "ItemTitle": "Nivea Anti Schuppen Shampoo 250ML",
            "ItemPrice": "2,99€",
            "ItemUnit": "11,96€/l",
            "local_image_path": "Drogerie/Körperpflege/nivea_anti_schuppen_shampoo_250ml.jpg"
          },
          {
            "image_urls": [
              "https://www.edeka24.de/out/pictures/generated/product/1/224_224_90/kneipp_cremedusche_samtweich_200ml.jpg"
            ],
            "ItemTitle": "Kneipp Cremedusche Samtweich 200ML",
            "ItemPrice": "3,49€",
            "ItemUnit": "17,45€/l",
            "local_image_path": "Drogerie/Körperpflege/kneipp_cremedusche_samtweich_200ml.jpg"
          },
          {
            "image_urls": [
              "https://www.edeka24.de/out/pictures/generated/product/1/224_224_90/headampampshoulders_antischuppen_shampoo_bei_sanfte_pflege_300ml.jpg"
            ],
            "ItemTitle": "Head & Shoulders Anti-Schuppen Shampoo Sanfte Pflege 300ML",
            "ItemPrice": "4,99€",
            "ItemUnit": "16,63€/l",
            "local_image_path": "Drogerie/Körperpflege/headampampshoulders_antischuppen_shampoo_bei_sanfte_pflege_300ml.jpg"
          },
          {
            "image_urls": [
              "https://www.edeka24.de/out/pictures/generated/product/1/224_224_90/teteseptkleopatra.jpg"
            ],
            "ItemTitle": "Tetesept Kleopatras Geheimnis Cremebad 125ML",
            "ItemPrice": "5,79€",
            "ItemUnit": "46,32€/l",
            "local_image_path": "Drogerie/Körperpflege/teteseptkleopatra.jpg"
          },
          {
            "image_urls": [
              "https://www.edeka24.de/out/pictures/generated/product/1/224_224_90/sensodyne_multicare_zahncreme_original_75ml.jpg"
            ],
            "ItemTitle": "Sensodyne Zahncreme MultiCare 75ML",
            "ItemPrice": "3,99€",
            "ItemUnit": "53,20€/l",
            "local_image_path": "Drogerie/Körperpflege/sensodyne_multicare_zahncreme_original_75ml.jpg"
          },
          {
            "image_urls": [
              "https://www.edeka24.de/out/pictures/generated/product/1/224_224_90/palmolive_flssigseife_hygieneplus_sensitive_im_spender_300ml.jpg"
            ],
            "ItemTitle": "Palmolive Flüssigseife Hygiene-Plus Sensitive 300ML",
            "ItemPrice": "1,69€",
            "ItemUnit": "5,63€/l",
            "local_image_path": "Drogerie/Körperpflege/palmolive_flssigseife_hygieneplus_sensitive_im_spender_300ml.jpg"
          },
          {
            "image_urls": [
              "https://www.edeka24.de/out/pictures/generated/product/1/224_224_90/nivea_men_3in1_duschgel_active_energy_24h_fresh_effect_250ml.jpg"
            ],
            "ItemTitle": "Nivea Men 3in1 Duschgel Active Energy 24H Fresh Effect 250ML",
            "ItemPrice": "1,99€",
            "ItemUnit": "7,96€/l",
            "local_image_path": "Drogerie/Körperpflege/nivea_men_3in1_duschgel_active_energy_24h_fresh_effect_250ml.jpg"
          },
          {
            "image_urls": [
              "https://www.edeka24.de/out/pictures/generated/product/1/224_224_90/syoss_shampoo_volume_440ml.jpg"
            ],
            "ItemTitle": "Syoss Volume Shampoo 440ML",
            "ItemPrice": "3,79€",
            "ItemUnit": "8,61€/l",
            "local_image_path": "Drogerie/Körperpflege/syoss_shampoo_volume_440ml.jpg"
          },
          {
            "image_urls": [
              "https://www.edeka24.de/out/pictures/generated/product/1/224_224_90/taft_haarspray_classic_haltampampschutz_mittlerer_halt_3_250ml.jpg"
            ],
            "ItemTitle": "Schwarzkopf Taft Classic Haarspray Halt 3 250ML",
            "ItemPrice": "3,29€",
            "ItemUnit": "13,16€/l",
            "local_image_path": "Drogerie/Körperpflege/taft_haarspray_classic_haltampampschutz_mittlerer_halt_3_250ml.jpg"
          },
          {
            "image_urls": [
              "https://www.edeka24.de/out/pictures/generated/product/1/224_224_90/lormen_expinvin96h_ds_150ml.jpg"
            ],
            "ItemTitle": "L'Oreal Men Expert Invincible Man 96H High Performance Anti-Transpirant 150ML",
            "ItemPrice": "2,79€",
            "ItemUnit": "18,60€/l",
            "local_image_path": "Wein/ Spirituosen/Spirituosen/highland_park_18_jahre_single_malt_whisky.jpg"
          },
          {
            "image_urls": [
              "https://www.edeka24.de/out/pictures/generated/product/1/224_224_90/headampampshoulders_2in1_shampoo_classic_clean_250ml.jpg"
            ],
            "ItemTitle": "Head & Shoulders 2in1 Shampoo Classic Clean 250ML",
            "ItemPrice": "4,99€",
            "ItemUnit": "19,96€/l",
            "local_image_path": "Drogerie/Körperpflege/headampampshoulders_2in1_shampoo_classic_clean_250ml.jpg"
          },
          {
            "image_urls": [
              "https://www.edeka24.de/out/pictures/generated/product/1/224_224_90/taft_gel_marathon_power_sehr_starker_halt_6_150ml.jpg"
            ],
            "ItemTitle": "Schwarzkopf Taft Marathon Power Styling Gel Halt 6 150ML",
            "ItemPrice": "3,29€",
            "ItemUnit": "21,93€/l",
            "local_image_path": "Drogerie/Körperpflege/taft_gel_marathon_power_sehr_starker_halt_6_150ml.jpg"
          },
          {
            "image_urls": [
              "https://www.edeka24.de/out/pictures/generated/product/1/224_224_90/taft_haarspray_powerful_age_sehr_starker_halt_5_250ml.jpg"
            ],
            "ItemTitle": "Schwarzkopf Taft Powerful Age Haarspray Halt 5 250ML",
            "ItemPrice": "3,29€",
            "ItemUnit": "13,16€/l",
            "local_image_path": "Drogerie/Körperpflege/taft_haarspray_powerful_age_sehr_starker_halt_5_250ml.jpg"
          },
          {
            "image_urls": [
              "https://www.edeka24.de/out/pictures/generated/product/1/224_224_90/bruno_banani_magic_man_showergel_250ml.jpg"
            ],
            "ItemTitle": "Bruno Banani Magic Man 3in1 Duschgel 250ML",
            "ItemPrice": "3,79€",
            "ItemUnit": "15,16€/l",
            "local_image_path": "Drogerie/Körperpflege/bruno_banani_magic_man_showergel_250ml.jpg"
          },
          {
            "image_urls": [
              "https://www.edeka24.de/out/pictures/generated/product/1/224_224_90/fakidsduschgelunterwasser.jpg"
            ],
            "ItemTitle": "Fa Kids Duschgel & Shampoo Fantastische Unterwasserwelt 250ML",
            "ItemPrice": "1,59€",
            "ItemUnit": "6,36€/l",
            "local_image_path": "Wein/ Spirituosen/Spirituosen/highland_park_18_jahre_single_malt_whisky.jpg"
          },
          {
            "image_urls": [
              "https://www.edeka24.de/out/pictures/generated/product/1/224_224_90/listerine_mundspamp252lung_cool_mint_mild_500ml.jpg"
            ],
            "ItemTitle": "Listerine Mundspülung Cool Mint mild 500ML",
            "ItemPrice": "4,29€",
            "ItemUnit": "8,58€/l",
            "local_image_path": "Drogerie/Körperpflege/listerine_mundspamp252lung_cool_mint_mild_500ml.jpg"
          },
          {
            "image_urls": [
              "https://www.edeka24.de/out/pictures/generated/product/1/224_224_90/bruno_banani_made_for_man_deospray_150ml.jpg"
            ],
            "ItemTitle": "Bruno Banani Made For Men Deospray 150ML",
            "ItemPrice": "3,99€",
            "ItemUnit": "26,60€/l",
            "local_image_path": "Drogerie/Körperpflege/bruno_banani_made_for_man_deospray_150ml.jpg"
          },
          {
            "image_urls": [
              "https://www.edeka24.de/out/pictures/generated/product/1/224_224_90/elmex-zc-sensitive-75ml_preview.jpg"
            ],
            "ItemTitle": "Elmex Sensitive Zahnpasta 75ML",
            "ItemPrice": "4,29€",
            "ItemUnit": "57,20€/l",
            "local_image_path": "Drogerie/Körperpflege/elmex-zc-sensitive-75ml_preview.jpg"
          },
          {
            "image_urls": [
              "https://www.edeka24.de/out/pictures/generated/product/1/224_224_90/nivea_men_3in1_duschgel_fresh_ocean_24h_fresh_effect_250ml.jpg"
            ],
            "ItemTitle": "Nivea Men 3in1 Duschgel Fresh Ocean 24H Fresh Effect 250ML",
            "ItemPrice": "1,99€",
            "ItemUnit": "7,96€/l",
            "local_image_path": "Drogerie/Körperpflege/nivea_men_3in1_duschgel_fresh_ocean_24h_fresh_effect_250ml.jpg"
          },
          {
            "image_urls": [
              "https://www.edeka24.de/out/pictures/generated/product/1/224_224_90/nivea_handcreme_3in1_careprotect_antibakteriell_75ml.jpg"
            ],
            "ItemTitle": "Nivea Handcreme 3in1 Care+Protect antibakteriell 75ml",
            "ItemPrice": "3,79€",
            "ItemUnit": "50,53€/l",
            "local_image_path": "Drogerie/Körperpflege/nivea_handcreme_3in1_careprotect_antibakteriell_75ml.jpg"
          },
          {
            "image_urls": [
              "https://www.edeka24.de/out/pictures/generated/product/1/224_224_90/kneipp_2in1_dusche_kamp252hle_frische_200ml.jpg"
            ],
            "ItemTitle": "Kneipp 2in1 Dusche Kühle Frische 200ML",
            "ItemPrice": "3,49€",
            "ItemUnit": "17,45€/l",
            "local_image_path": "Drogerie/Körperpflege/kneipp_2in1_dusche_kamp252hle_frische_200ml.jpg"
          },
          {
            "image_urls": [
              "https://www.edeka24.de/out/pictures/generated/product/1/224_224_90/weleda_24h_deo_rollon_citrus_50ml.jpg"
            ],
            "ItemTitle": "Weleda 24h Deo Roll-On Citrus 50ML",
            "ItemPrice": "7,49€",
            "ItemUnit": "149,80€/l",
            "local_image_path": "Drogerie/Körperpflege/weleda_24h_deo_rollon_citrus_50ml.jpg"
          },
          {
            "image_urls": [
              "https://www.edeka24.de/out/pictures/generated/product/1/224_224_90/edeka_elkos_dentamax_zahngel_junior_100ml.jpg"
            ],
            "ItemTitle": "elkos DentaMax Zahngel Junior 100ML",
            "ItemPrice": "0,69€",
            "ItemUnit": "6,90€/l",
            "local_image_path": "Drogerie/Körperpflege/edeka_elkos_dentamax_zahngel_junior_100ml.jpg"
          },
          {
            "image_urls": [
              "https://www.edeka24.de/out/pictures/generated/product/1/224_224_90/pantene_prov_antischuppen_shampoo_03_ltr.jpg"
            ],
            "ItemTitle": "Pantene Pro-V Anti-Schuppen Shampoo 300ML",
            "ItemPrice": "3,99€",
            "ItemUnit": "13,30€/l",
            "local_image_path": "Drogerie/Körperpflege/pantene_prov_antischuppen_shampoo_03_ltr.jpg"
          },
          {
            "image_urls": [
              "https://www.edeka24.de/out/pictures/generated/product/1/224_224_90/lorealfreshex.jpg"
            ],
            "ItemTitle": "L'Oreal Men Expert Fresh Extreme Intensive Frische Anti-Transpirant 48H 150ML",
            "ItemPrice": "2,79€",
            "ItemUnit": "18,60€/l",
            "local_image_path": "Drogerie/Körperpflege/lorealfreshex.jpg"
          },
          {
            "image_urls": [
              "https://www.edeka24.de/out/pictures/generated/product/1/224_224_90/studio_line_fx_spurenlos_styling_spray_ultra_starker_halt_250ml.jpg"
            ],
            "ItemTitle": "L'Oréal Studio Line Spurenlos FX Styling Spray ultra starker Halt 250ML",
            "ItemPrice": "3,29€",
            "ItemUnit": "13,16€/l",
            "local_image_path": "Wein/ Spirituosen/Spirituosen/highland_park_18_jahre_single_malt_whisky.jpg"
          },
          {
            "image_urls": [
              "https://www.edeka24.de/out/pictures/generated/product/1/224_224_90/bltezeit_splung_repair_bio_walnuss_amp_jojoba_200ml.jpg"
            ],
            "ItemTitle": "Blütezeit Spülung Repair Bio Walnuss & Jojoba 200ML",
            "ItemPrice": "2,49€",
            "ItemUnit": "12,45€/l",
            "local_image_path": "Drogerie/Körperpflege/bltezeit_splung_repair_bio_walnuss_amp_jojoba_200ml.jpg"
          },
          {
            "image_urls": [
              "https://www.edeka24.de/out/pictures/generated/product/1/224_224_90/schauma_fruchtampampvitamin_spamp252lung_250ml(1).jpg"
            ],
            "ItemTitle": "Schwarzkopf Schauma Frucht & Vitamin Spülung 250ML",
            "ItemPrice": "2,29€",
            "ItemUnit": "9,16€/l",
            "local_image_path": "Drogerie/Körperpflege/schauma_fruchtampampvitamin_spamp252lung_250ml(1).jpg"
          },
          {
            "image_urls": [
              "https://www.edeka24.de/out/pictures/generated/product/1/224_224_90/blamp220tezeit_kamp246rpermilch_bio_malvenblamp252te_250ml.jpg"
            ],
            "ItemTitle": "Blüte-Zeit Körpermilch Bio Malvenblüte 250ML",
            "ItemPrice": "2,79€",
            "ItemUnit": "11,16€/l",
            "local_image_path": "Drogerie/Körperpflege/blamp220tezeit_kamp246rpermilch_bio_malvenblamp252te_250ml.jpg"
          },
          {
            "image_urls": [
              "https://www.edeka24.de/out/pictures/generated/product/1/224_224_90/listerine_mundspamp252lung_zahnsteinschutz_600ml.jpg"
            ],
            "ItemTitle": "Listerine Total Care Zahnsteinschutz Mundspülung 600ML",
            "ItemPrice": "4,99€",
            "ItemUnit": "8,32€/l",
            "local_image_path": "Drogerie/Körperpflege/listerine_mundspamp252lung_zahnsteinschutz_600ml.jpg"
          },
          {
            "image_urls": [
              "https://www.edeka24.de/out/pictures/generated/product/1/224_224_90/nivea_anti_schuppen_shampoo_250ml.jpg"
            ],
            "ItemTitle": "Nivea Anti Schuppen Shampoo 250ML",
            "ItemPrice": "2,99€",
            "ItemUnit": "11,96€/l",
            "local_image_path": "Drogerie/Körperpflege/nivea_anti_schuppen_shampoo_250ml.jpg"
          },
          {
            "image_urls": [
              "https://www.edeka24.de/out/pictures/generated/product/1/224_224_90/kneipp_cremedusche_samtweich_200ml.jpg"
            ],
            "ItemTitle": "Kneipp Cremedusche Samtweich 200ML",
            "ItemPrice": "3,49€",
            "ItemUnit": "17,45€/l",
            "local_image_path": "Drogerie/Körperpflege/kneipp_cremedusche_samtweich_200ml.jpg"
          },
          {
            "image_urls": [
              "https://www.edeka24.de/out/pictures/generated/product/1/224_224_90/headampampshoulders_antischuppen_shampoo_bei_sanfte_pflege_300ml.jpg"
            ],
            "ItemTitle": "Head & Shoulders Anti-Schuppen Shampoo Sanfte Pflege 300ML",
            "ItemPrice": "4,99€",
            "ItemUnit": "16,63€/l",
            "local_image_path": "Drogerie/Körperpflege/headampampshoulders_antischuppen_shampoo_bei_sanfte_pflege_300ml.jpg"
          },
          {
            "image_urls": [
              "https://www.edeka24.de/out/pictures/generated/product/1/224_224_90/teteseptkleopatra.jpg"
            ],
            "ItemTitle": "Tetesept Kleopatras Geheimnis Cremebad 125ML",
            "ItemPrice": "5,79€",
            "ItemUnit": "46,32€/l",
            "local_image_path": "Drogerie/Körperpflege/teteseptkleopatra.jpg"
          },
          {
            "image_urls": [
              "https://www.edeka24.de/out/pictures/generated/product/1/224_224_90/sensodyne_multicare_zahncreme_original_75ml.jpg"
            ],
            "ItemTitle": "Sensodyne Zahncreme MultiCare 75ML",
            "ItemPrice": "3,99€",
            "ItemUnit": "53,20€/l",
            "local_image_path": "Drogerie/Körperpflege/sensodyne_multicare_zahncreme_original_75ml.jpg"
          },
          {
            "image_urls": [
              "https://www.edeka24.de/out/pictures/generated/product/1/224_224_90/palmolive_flssigseife_hygieneplus_sensitive_im_spender_300ml.jpg"
            ],
            "ItemTitle": "Palmolive Flüssigseife Hygiene-Plus Sensitive 300ML",
            "ItemPrice": "1,69€",
            "ItemUnit": "5,63€/l",
            "local_image_path": "Drogerie/Körperpflege/palmolive_flssigseife_hygieneplus_sensitive_im_spender_300ml.jpg"
          },
          {
            "image_urls": [
              "https://www.edeka24.de/out/pictures/generated/product/1/224_224_90/nivea_men_3in1_duschgel_active_energy_24h_fresh_effect_250ml.jpg"
            ],
            "ItemTitle": "Nivea Men 3in1 Duschgel Active Energy 24H Fresh Effect 250ML",
            "ItemPrice": "1,99€",
            "ItemUnit": "7,96€/l",
            "local_image_path": "Drogerie/Körperpflege/nivea_men_3in1_duschgel_active_energy_24h_fresh_effect_250ml.jpg"
          },
          {
            "image_urls": [
              "https://www.edeka24.de/out/pictures/generated/product/1/224_224_90/syoss_shampoo_volume_440ml.jpg"
            ],
            "ItemTitle": "Syoss Volume Shampoo 440ML",
            "ItemPrice": "3,79€",
            "ItemUnit": "8,61€/l",
            "local_image_path": "Drogerie/Körperpflege/syoss_shampoo_volume_440ml.jpg"
          },
          {
            "image_urls": [
              "https://www.edeka24.de/out/pictures/generated/product/1/224_224_90/taft_haarspray_classic_haltampampschutz_mittlerer_halt_3_250ml.jpg"
            ],
            "ItemTitle": "Schwarzkopf Taft Classic Haarspray Halt 3 250ML",
            "ItemPrice": "3,29€",
            "ItemUnit": "13,16€/l",
            "local_image_path": "Drogerie/Körperpflege/taft_haarspray_classic_haltampampschutz_mittlerer_halt_3_250ml.jpg"
          },
          {
            "image_urls": [
              "https://www.edeka24.de/out/pictures/generated/product/1/224_224_90/lormen_expinvin96h_ds_150ml.jpg"
            ],
            "ItemTitle": "L'Oreal Men Expert Invincible Man 96H High Performance Anti-Transpirant 150ML",
            "ItemPrice": "2,79€",
            "ItemUnit": "18,60€/l",
            "local_image_path": "Wein/ Spirituosen/Spirituosen/highland_park_18_jahre_single_malt_whisky.jpg"
          },
          {
            "image_urls": [
              "https://www.edeka24.de/out/pictures/generated/product/1/224_224_90/headampampshoulders_2in1_shampoo_classic_clean_250ml.jpg"
            ],
            "ItemTitle": "Head & Shoulders 2in1 Shampoo Classic Clean 250ML",
            "ItemPrice": "4,99€",
            "ItemUnit": "19,96€/l",
            "local_image_path": "Drogerie/Körperpflege/headampampshoulders_2in1_shampoo_classic_clean_250ml.jpg"
          },
          {
            "image_urls": [
              "https://www.edeka24.de/out/pictures/generated/product/1/224_224_90/taft_gel_marathon_power_sehr_starker_halt_6_150ml.jpg"
            ],
            "ItemTitle": "Schwarzkopf Taft Marathon Power Styling Gel Halt 6 150ML",
            "ItemPrice": "3,29€",
            "ItemUnit": "21,93€/l",
            "local_image_path": "Drogerie/Körperpflege/taft_gel_marathon_power_sehr_starker_halt_6_150ml.jpg"
          },
          {
            "image_urls": [
              "https://www.edeka24.de/out/pictures/generated/product/1/224_224_90/taft_haarspray_powerful_age_sehr_starker_halt_5_250ml.jpg"
            ],
            "ItemTitle": "Schwarzkopf Taft Powerful Age Haarspray Halt 5 250ML",
            "ItemPrice": "3,29€",
            "ItemUnit": "13,16€/l",
            "local_image_path": "Drogerie/Körperpflege/taft_haarspray_powerful_age_sehr_starker_halt_5_250ml.jpg"
          },
          {
            "image_urls": [
              "https://www.edeka24.de/out/pictures/generated/product/1/224_224_90/bruno_banani_magic_man_showergel_250ml.jpg"
            ],
            "ItemTitle": "Bruno Banani Magic Man 3in1 Duschgel 250ML",
            "ItemPrice": "3,79€",
            "ItemUnit": "15,16€/l",
            "local_image_path": "Drogerie/Körperpflege/bruno_banani_magic_man_showergel_250ml.jpg"
          },
          {
            "image_urls": [
              "https://www.edeka24.de/out/pictures/generated/product/1/224_224_90/fakidsduschgelunterwasser.jpg"
            ],
            "ItemTitle": "Fa Kids Duschgel & Shampoo Fantastische Unterwasserwelt 250ML",
            "ItemPrice": "1,59€",
            "ItemUnit": "6,36€/l",
            "local_image_path": "Wein/ Spirituosen/Spirituosen/highland_park_18_jahre_single_malt_whisky.jpg"
          },
          {
            "image_urls": [
              "https://www.edeka24.de/out/pictures/generated/product/1/224_224_90/listerine_mundspamp252lung_cool_mint_mild_500ml.jpg"
            ],
            "ItemTitle": "Listerine Mundspülung Cool Mint mild 500ML",
            "ItemPrice": "4,29€",
            "ItemUnit": "8,58€/l",
            "local_image_path": "Drogerie/Körperpflege/listerine_mundspamp252lung_cool_mint_mild_500ml.jpg"
          },
          {
            "image_urls": [
              "https://www.edeka24.de/out/pictures/generated/product/1/224_224_90/bruno_banani_made_for_man_deospray_150ml.jpg"
            ],
            "ItemTitle": "Bruno Banani Made For Men Deospray 150ML",
            "ItemPrice": "3,99€",
            "ItemUnit": "26,60€/l",
            "local_image_path": "Drogerie/Körperpflege/bruno_banani_made_for_man_deospray_150ml.jpg"
          },
          {
            "image_urls": [
              "https://www.edeka24.de/out/pictures/generated/product/1/224_224_90/elmex-zc-sensitive-75ml_preview.jpg"
            ],
            "ItemTitle": "Elmex Sensitive Zahnpasta 75ML",
            "ItemPrice": "4,29€",
            "ItemUnit": "57,20€/l",
            "local_image_path": "Drogerie/Körperpflege/elmex-zc-sensitive-75ml_preview.jpg"
          },
          {
            "image_urls": [
              "https://www.edeka24.de/out/pictures/generated/product/1/224_224_90/nivea_men_3in1_duschgel_fresh_ocean_24h_fresh_effect_250ml.jpg"
            ],
            "ItemTitle": "Nivea Men 3in1 Duschgel Fresh Ocean 24H Fresh Effect 250ML",
            "ItemPrice": "1,99€",
            "ItemUnit": "7,96€/l",
            "local_image_path": "Drogerie/Körperpflege/nivea_men_3in1_duschgel_fresh_ocean_24h_fresh_effect_250ml.jpg"
          },
          {
            "image_urls": [
              "https://www.edeka24.de/out/pictures/generated/product/1/224_224_90/nivea_handcreme_3in1_careprotect_antibakteriell_75ml.jpg"
            ],
            "ItemTitle": "Nivea Handcreme 3in1 Care+Protect antibakteriell 75ml",
            "ItemPrice": "3,79€",
            "ItemUnit": "50,53€/l",
            "local_image_path": "Drogerie/Körperpflege/nivea_handcreme_3in1_careprotect_antibakteriell_75ml.jpg"
          },
          {
            "image_urls": [
              "https://www.edeka24.de/out/pictures/generated/product/1/224_224_90/kneipp_2in1_dusche_kamp252hle_frische_200ml.jpg"
            ],
            "ItemTitle": "Kneipp 2in1 Dusche Kühle Frische 200ML",
            "ItemPrice": "3,49€",
            "ItemUnit": "17,45€/l",
            "local_image_path": "Drogerie/Körperpflege/kneipp_2in1_dusche_kamp252hle_frische_200ml.jpg"
          },
          {
            "image_urls": [
              "https://www.edeka24.de/out/pictures/generated/product/1/224_224_90/weleda_24h_deo_rollon_citrus_50ml.jpg"
            ],
            "ItemTitle": "Weleda 24h Deo Roll-On Citrus 50ML",
            "ItemPrice": "7,49€",
            "ItemUnit": "149,80€/l",
            "local_image_path": "Drogerie/Körperpflege/weleda_24h_deo_rollon_citrus_50ml.jpg"
          },
          {
            "image_urls": [
              "https://www.edeka24.de/out/pictures/generated/product/1/224_224_90/edeka_elkos_dentamax_zahngel_junior_100ml.jpg"
            ],
            "ItemTitle": "elkos DentaMax Zahngel Junior 100ML",
            "ItemPrice": "0,69€",
            "ItemUnit": "6,90€/l",
            "local_image_path": "Drogerie/Körperpflege/edeka_elkos_dentamax_zahngel_junior_100ml.jpg"
          },
          {
            "image_urls": [
              "https://www.edeka24.de/out/pictures/generated/product/1/224_224_90/pantene_prov_antischuppen_shampoo_03_ltr.jpg"
            ],
            "ItemTitle": "Pantene Pro-V Anti-Schuppen Shampoo 300ML",
            "ItemPrice": "3,99€",
            "ItemUnit": "13,30€/l",
            "local_image_path": "Drogerie/Körperpflege/pantene_prov_antischuppen_shampoo_03_ltr.jpg"
          },
          {
            "image_urls": [
              "https://www.edeka24.de/out/pictures/generated/product/1/224_224_90/lorealfreshex.jpg"
            ],
            "ItemTitle": "L'Oreal Men Expert Fresh Extreme Intensive Frische Anti-Transpirant 48H 150ML",
            "ItemPrice": "2,79€",
            "ItemUnit": "18,60€/l",
            "local_image_path": "Drogerie/Körperpflege/lorealfreshex.jpg"
          },
          {
            "image_urls": [
              "https://www.edeka24.de/out/pictures/generated/product/1/224_224_90/studio_line_fx_spurenlos_styling_spray_ultra_starker_halt_250ml.jpg"
            ],
            "ItemTitle": "L'Oréal Studio Line Spurenlos FX Styling Spray ultra starker Halt 250ML",
            "ItemPrice": "3,29€",
            "ItemUnit": "13,16€/l",
            "local_image_path": "Wein/ Spirituosen/Spirituosen/highland_park_18_jahre_single_malt_whisky.jpg"
          },
          {
            "image_urls": [
              "https://www.edeka24.de/out/pictures/generated/product/1/224_224_90/bltezeit_splung_repair_bio_walnuss_amp_jojoba_200ml.jpg"
            ],
            "ItemTitle": "Blütezeit Spülung Repair Bio Walnuss & Jojoba 200ML",
            "ItemPrice": "2,49€",
            "ItemUnit": "12,45€/l",
            "local_image_path": "Drogerie/Körperpflege/bltezeit_splung_repair_bio_walnuss_amp_jojoba_200ml.jpg"
          },
          {
            "image_urls": [
              "https://www.edeka24.de/out/pictures/generated/product/1/224_224_90/guhl_shampoo_intensiv_kramp228ftigung_famp252r_kraftlosesampampfeines_haar_250ml.jpg"
            ],
            "ItemTitle": "Guhl Shampoo Intensiv Kräftigung für kraftloses & feines Haar 250ML",
            "ItemPrice": "4,49€",
            "ItemUnit": "17,96€/l",
            "local_image_path": "Drogerie/Körperpflege/guhl_shampoo_intensiv_kramp228ftigung_famp252r_kraftlosesampampfeines_haar_250ml.jpg"
          },
          {
            "image_urls": [
              "https://www.edeka24.de/out/pictures/generated/product/1/224_224_90/nivea_2in1_pflege_express_shampooampampspamp252lung_250ml.jpg"
            ],
            "ItemTitle": "Nivea 2in1 Pflege Express Shampoo & Spülung 250ML",
            "ItemPrice": "2,99€",
            "ItemUnit": "11,96€/l",
            "local_image_path": "Drogerie/Körperpflege/nivea_2in1_pflege_express_shampooampampspamp252lung_250ml.jpg"
          },
          {
            "image_urls": [
              "https://www.edeka24.de/out/pictures/generated/product/1/224_224_90/axe_duschgel_recharge_250ml.jpg"
            ],
            "ItemTitle": "Axe Duschgel Recharge 3in1 250ML",
            "ItemPrice": "2,69€",
            "ItemUnit": "10,76€/l",
            "local_image_path": "Drogerie/Körperpflege/axe_duschgel_recharge_250ml.jpg"
          },
          {
            "image_urls": [
              "https://www.edeka24.de/out/pictures/generated/product/1/224_224_90/tabaluga_sonnenmilch_kids_lsf50_50ml.jpg"
            ],
            "ItemTitle": "Tabaluga Sonnenmilch Kids LSF50 50ML",
            "ItemPrice": "1,79€",
            "ItemUnit": "35,80€/l",
            "local_image_path": "Wein/ Spirituosen/Spirituosen/highland_park_18_jahre_single_malt_whisky.jpg"
          },
          {
            "image_urls": [
              "https://www.edeka24.de/out/pictures/generated/product/1/224_224_90/nature_box_color_shampoo_granatapfelamp214l_385ml.jpg"
            ],
            "ItemTitle": "Nature Box Color Shampoo Granatapfelöl 385ML",
            "ItemPrice": "4,99€",
            "ItemUnit": "12,96€/l",
            "local_image_path": "Drogerie/Körperpflege/nature_box_color_shampoo_granatapfelamp214l_385ml.jpg"
          },
          {
            "image_urls": [
              "https://www.edeka24.de/out/pictures/generated/product/1/224_224_90/nature_box_kramp228ftigungsshampoo_olivenamp214l_385ml.jpg"
            ],
            "ItemTitle": "Nature Box Kräftigungs-Shampoo Olivenöl 385ML",
            "ItemPrice": "4,99€",
            "ItemUnit": "12,96€/l",
            "local_image_path": "Drogerie/Körperpflege/nature_box_kramp228ftigungsshampoo_olivenamp214l_385ml.jpg"
          },
          {
            "image_urls": [
              "https://www.edeka24.de/out/pictures/generated/product/1/224_224_90/guhl_antischuppen_shampoo_bei_schuppen_und_juckender_kopfhaut_250ml.jpg"
            ],
            "ItemTitle": "Guhl Anti-Schuppen Shampoo bei Schuppen und juckender Kopfhaut 250ML",
            "ItemPrice": "4,49€",
            "ItemUnit": "17,96€/l",
            "local_image_path": "Drogerie/Körperpflege/guhl_antischuppen_shampoo_bei_schuppen_und_juckender_kopfhaut_250ml.jpg"
          },
          {
            "image_urls": [
              "https://www.edeka24.de/out/pictures/generated/product/1/224_224_90/dove_shampoo_oil_care_250ml.jpg"
            ],
            "ItemTitle": "Dove Oil Care Nährpflege Shampoo 250ML",
            "ItemPrice": "3,29€",
            "ItemUnit": "13,16€/l",
            "local_image_path": "Wein/ Spirituosen/Spirituosen/highland_park_18_jahre_single_malt_whisky.jpg"
          },
          {
            "image_urls": [
              "https://www.edeka24.de/out/pictures/generated/product/1/224_224_90/loreal_dermo_wrinkle_expertise_65_50ml.jpg"
            ],
            "ItemTitle": "L'Oreal Anti-Falten-Experte Stärkende Pflege Tag 65+ 50ML",
            "ItemPrice": "4,79€",
            "ItemUnit": "95,80€/l",
            "local_image_path": "Drogerie/Körperpflege/loreal_dermo_wrinkle_expertise_65_50ml.jpg"
          },
          {
            "image_urls": [
              "https://www.edeka24.de/out/pictures/generated/product/1/224_224_90/syoss_shampoo_repair_440ml.jpg"
            ],
            "ItemTitle": "Syoss Repair Shampoo 440ML",
            "ItemPrice": "3,79€",
            "ItemUnit": "8,61€/l",
            "local_image_path": "Drogerie/Körperpflege/syoss_shampoo_repair_440ml.jpg"
          },
          {
            "image_urls": [
              "https://www.edeka24.de/out/pictures/generated/product/1/224_224_90/durblbgewtramsl.jpg"
            ],
            "ItemTitle": "Durbacher Ölberg Gewürztraminer Spätlese trocken 0,75L",
            "ItemPrice": "8,99€",
            "ItemUnit": "11,99€/l",
            "local_image_path": "Wein/ Spirituosen/Weißwein/durblbgewtramsl.jpg"
          },
          {
            "image_urls": [
              "https://www.edeka24.de/out/pictures/generated/product/1/224_224_90/nivea_express_body_lotion_tiefenpflege_serum_48h_400ml.jpg"
            ],
            "ItemTitle": "Nivea Express Body Lotion Tiefenpflege Serum 48h 400ML",
            "ItemPrice": "5,49€",
            "ItemUnit": "13,73€/l",
            "local_image_path": "Drogerie/Körperpflege/nivea_express_body_lotion_tiefenpflege_serum_48h_400ml.jpg"
          },
          {
            "image_urls": [
              "https://www.edeka24.de/out/pictures/generated/product/1/224_224_90/syoss_hsp_full_hextrst400ml.jpg"
            ],
            "ItemTitle": "Syoss Haarspray Full Hair 5 extra starker Halt 400ML",
            "ItemPrice": "5,49€",
            "ItemUnit": "13,73€/l",
            "local_image_path": "Drogerie/Körperpflege/syoss_hsp_full_hextrst400ml.jpg"
          },
          {
            "image_urls": [
              "https://www.edeka24.de/out/pictures/generated/product/1/224_224_90/sun_d039or_sonnenmilch_lsf30_50ml.jpg"
            ],
            "ItemTitle": "Sun D'Or Sonnenmilch LSF30 50ML",
            "ItemPrice": "1,59€",
            "ItemUnit": "31,80€/l",
            "local_image_path": "Drogerie/Körperpflege/sun_d039or_sonnenmilch_lsf30_50ml.jpg"
          },
          {
            "image_urls": [
              "https://www.edeka24.de/out/pictures/generated/product/1/224_224_90/nivea_volumenampampkraft_mildes_shampoo_250ml.jpg"
            ],
            "ItemTitle": "Nivea Volumen & Kraft mildes Shampoo pH Balance 250ML",
            "ItemPrice": "2,99€",
            "ItemUnit": "11,96€/l",
            "local_image_path": "Drogerie/Körperpflege/nivea_volumenampampkraft_mildes_shampoo_250ml.jpg"
          },
          {
            "image_urls": [
              "https://www.edeka24.de/out/pictures/generated/product/1/224_224_90/batistedry_shampoo_blush_200ml.jpg"
            ],
            "ItemTitle": "Batiste Trockenshampoo Blush 200ML",
            "ItemPrice": "4,79€",
            "ItemUnit": "23,95€/l",
            "local_image_path": "Drogerie/Körperpflege/batistedry_shampoo_blush_200ml.jpg"
          },
          {
            "image_urls": [
              "https://www.edeka24.de/out/pictures/generated/product/1/224_224_90/syoss_tiefenspamp252lung_repair_250ml.jpg"
            ],
            "ItemTitle": "Syoss Repair Tiefenspülung 250ML",
            "ItemPrice": "3,29€",
            "ItemUnit": "13,16€/l",
            "local_image_path": "Drogerie/Körperpflege/syoss_tiefenspamp252lung_repair_250ml.jpg"
          },
          {
            "image_urls": [
              "https://www.edeka24.de/out/pictures/generated/product/1/224_224_90/yeautyluxlift.jpg"
            ],
            "ItemTitle": "Yeauty Luxurious Lift Eyepad Mask 2ST",
            "ItemPrice": "1,19€",
            "ItemUnit": "0,60€/st",
            "local_image_path": "Drogerie/Körperpflege/yeautyluxlift.jpg"
          },
          {
            "image_urls": [
              "https://www.edeka24.de/out/pictures/generated/product/1/224_224_90/headampampshoulders_antischuppen_shampoo_apple_fresh_500ml.jpg"
            ],
            "ItemTitle": "Head & Shoulders Anti-Schuppen Shampoo Apple Fresh 500ML",
            "ItemPrice": "6,99€",
            "ItemUnit": "13,98€/l",
            "local_image_path": "Drogerie/Körperpflege/headampampshoulders_antischuppen_shampoo_apple_fresh_500ml.jpg"
          },
          {
            "image_urls": [
              "https://www.edeka24.de/out/pictures/generated/product/1/224_224_90/axe_bodyspray_black_150ml(1).jpg"
            ],
            "ItemTitle": "Axe Bodyspray Black 150ML",
            "ItemPrice": "4,29€",
            "ItemUnit": "28,60€/l",
            "local_image_path": "Drogerie/Körperpflege/axe_bodyspray_black_150ml(1).jpg"
          },
          {
            "image_urls": [
              "https://www.edeka24.de/out/pictures/generated/product/1/224_224_90/headampampshoulders_antischuppen_shampoo_classic_clean_500ml.jpg"
            ],
            "ItemTitle": "Head & Shoulders Anti-Schuppen Shampoo Classic Clean 500ML",
            "ItemPrice": "6,99€",
            "ItemUnit": "13,98€/l",
            "local_image_path": "Drogerie/Körperpflege/headampampshoulders_antischuppen_shampoo_classic_clean_500ml.jpg"
          },
          {
            "image_urls": [
              "https://www.edeka24.de/out/pictures/generated/product/1/224_224_90/lorealmultivitaminsh.jpg"
            ],
            "ItemTitle": "L'Oreal Elvital Multivitamin Revitalisierendes Shampoo 300ML",
            "ItemPrice": "4,29€",
            "ItemUnit": "14,30€/l",
            "local_image_path": "Drogerie/Körperpflege/lorealmultivitaminsh.jpg"
          },
          {
            "image_urls": [
              "https://www.edeka24.de/out/pictures/generated/product/1/224_224_90/axe_duschgel_dark_temptation_total_relax.jpg"
            ],
            "ItemTitle": "Axe Duschgel Dark Temptation Total Relax 250ML",
            "ItemPrice": "2,69€",
            "ItemUnit": "10,76€/l",
            "local_image_path": "Drogerie/Körperpflege/axe_duschgel_dark_temptation_total_relax.jpg"
          },
          {
            "image_urls": [
              "https://www.edeka24.de/out/pictures/generated/product/1/224_224_90/listerine_mundspamp252lung_total_care_zahnfleischschutz_500ml.jpg"
            ],
            "ItemTitle": "Listerine Mundspülung Total Care Zahnfleischschutz 500ML",
            "ItemPrice": "5,49€",
            "ItemUnit": "10,98€/l",
            "local_image_path": "Drogerie/Körperpflege/listerine_mundspamp252lung_total_care_zahnfleischschutz_500ml.jpg"
          },
          {
            "image_urls": [
              "https://www.edeka24.de/out/pictures/generated/product/1/224_224_90/nivea_pflegeseife_rosenblamp252te_250ml.jpg"
            ],
            "ItemTitle": "Nivea Pflegeseife Rosenblüte 250ML",
            "ItemPrice": "1,79€",
            "ItemUnit": "7,16€/l",
            "local_image_path": "Drogerie/Körperpflege/nivea_pflegeseife_rosenblamp252te_250ml.jpg"
          },
          {
            "image_urls": [
              "https://www.edeka24.de/out/pictures/generated/product/1/224_224_90/bruno_banani_man_showergel_250ml.jpg"
            ],
            "ItemTitle": "Bruno Banani Man 3in1 Duschgel 250ML",
            "ItemPrice": "3,79€",
            "ItemUnit": "15,16€/l",
            "local_image_path": "Drogerie/Körperpflege/bruno_banani_man_showergel_250ml.jpg"
          },
          {
            "image_urls": [
              "https://www.edeka24.de/out/pictures/generated/product/1/224_224_90/blendamed_zahncreme_3d_white_luxe_glamorous_white.jpg"
            ],
            "ItemTitle": "blend-a-med Zahncreme 3D White Luxe Glamorous White 75ML",
            "ItemPrice": "3,29€",
            "ItemUnit": "43,87€/l",
            "local_image_path": "Drogerie/Körperpflege/blendamed_zahncreme_3d_white_luxe_glamorous_white.jpg"
          },
          {
            "image_urls": [
              "https://www.edeka24.de/out/pictures/generated/product/1/224_224_90/taft_haarspray_volumen_feines_haar_starker_halt_4_250ml.jpg"
            ],
            "ItemTitle": "Schwarzkopf Taft Volumen Haarspray Halt 4 250ML",
            "ItemPrice": "3,29€",
            "ItemUnit": "13,16€/l",
            "local_image_path": "Drogerie/Körperpflege/taft_haarspray_volumen_feines_haar_starker_halt_4_250ml.jpg"
          },
          {
            "image_urls": [
              "https://www.edeka24.de/out/pictures/generated/product/1/224_224_90/meridol_parodont_expert_zb.jpg"
            ],
            "ItemTitle": "Meridol Zahnbürste Parodont Expert extra sanft",
            "ItemPrice": "5,29€",
            "ItemUnit": "5,29€/st",
            "local_image_path": "Drogerie/Körperpflege/meridol_parodont_expert_zb.jpg"
          },
          {
            "image_urls": [
              "https://www.edeka24.de/out/pictures/generated/product/1/224_224_90/salthousetotesmeerbadesalz.jpg"
            ],
            "ItemTitle": "Salthouse Original Totes Meer Badesalz Pur 500G",
            "ItemPrice": "2,49€",
            "ItemUnit": "4,98€/kg",
            "local_image_path": "Drogerie/Körperpflege/salthousetotesmeerbadesalz.jpg"
          },
          {
            "image_urls": [
              "https://www.edeka24.de/out/pictures/generated/product/1/224_224_90/edeka_elkos_dentamax_interdentalbamp252rsten_konisch_fein_6st(1).jpg"
            ],
            "ItemTitle": "elkos DentaMax Interdentalbürsten konisch fein 6ST",
            "ItemPrice": "1,49€",
            "ItemUnit": "0,25€/st",
            "local_image_path": "Drogerie/Körperpflege/edeka_elkos_dentamax_interdentalbamp252rsten_konisch_fein_6st(1).jpg"
          },
          {
            "image_urls": [
              "https://www.edeka24.de/out/pictures/generated/product/1/224_224_90/taft_schaumfestiger_locken_mittlerer_halt_3_150ml.jpg"
            ],
            "ItemTitle": "Schwarzkopf Taft Locken Schaumfestiger Halt 3 150ML",
            "ItemPrice": "3,29€",
            "ItemUnit": "21,93€/l",
            "local_image_path": "Drogerie/Körperpflege/taft_schaumfestiger_locken_mittlerer_halt_3_150ml.jpg"
          },
          {
            "image_urls": [
              "https://www.edeka24.de/out/pictures/generated/product/1/224_224_90/kneipp-lebensfreude-aroma-pflegedusche.jpg"
            ],
            "ItemTitle": "Kneipp Aroma Pflegedusche Lebensfreude mit Litsea und Zitrone 200ML",
            "ItemPrice": "3,49€",
            "ItemUnit": "17,45€/l",
            "local_image_path": "Drogerie/Körperpflege/kneipp-lebensfreude-aroma-pflegedusche.jpg"
          },
          {
            "image_urls": [
              "https://www.edeka24.de/out/pictures/generated/product/1/224_224_90/kukident_superhaftcreme_extra_starker_halt_kamille.jpg"
            ],
            "ItemTitle": "Kukident Professionell Haftcreme Med + Kamille 40G",
            "ItemPrice": "2,49€",
            "ItemUnit": "62,25€/kg",
            "local_image_path": "Drogerie/Körperpflege/kukident_superhaftcreme_extra_starker_halt_kamille.jpg"
          },
          {
            "image_urls": [
              "https://www.edeka24.de/out/pictures/generated/product/1/224_224_90/aronal-zahncreme.jpg"
            ],
            "ItemTitle": "Aronal Zahncreme mit Zink 75ML",
            "ItemPrice": "4,29€",
            "ItemUnit": "57,20€/l",
            "local_image_path": "Drogerie/Körperpflege/aronal-zahncreme.jpg"
          },
          {
            "image_urls": [
              "https://www.edeka24.de/out/pictures/generated/product/1/224_224_90/elmexkariesschutz.jpg"
            ],
            "ItemTitle": "Elmex Zahncreme Kariesschutz 75ML",
            "ItemPrice": "4,29€",
            "ItemUnit": "57,20€/l",
            "local_image_path": "Drogerie/Körperpflege/elmexkariesschutz.jpg"
          },
          {
            "image_urls": [
              "https://www.edeka24.de/out/pictures/generated/product/1/224_224_90/alpecin_antischuppen_shampoo_a3_250_ml.jpg"
            ],
            "ItemTitle": "Alpecin Anti-Schuppen Shampoo A3 250ML",
            "ItemPrice": "5,99€",
            "ItemUnit": "23,96€/l",
            "local_image_path": "Drogerie/Körperpflege/alpecin_antischuppen_shampoo_a3_250_ml.jpg"
          },
          {
            "image_urls": [
              "https://www.edeka24.de/out/pictures/generated/product/1/224_224_90/axe_duschgel_ice_chill_250ml(1).jpg"
            ],
            "ItemTitle": "Axe Duschgel Ice Chill 3in1 250ML",
            "ItemPrice": "2,69€",
            "ItemUnit": "10,76€/l",
            "local_image_path": "Drogerie/Körperpflege/axe_duschgel_ice_chill_250ml(1).jpg"
          },
          {
            "image_urls": [
              "https://www.edeka24.de/out/pictures/generated/product/1/224_224_90/elkosvitalaugencreme.jpg"
            ],
            "ItemTitle": "Elkos Face Vital Augencreme 15ML",
            "ItemPrice": "2,29€",
            "ItemUnit": "152,67€/l",
            "local_image_path": "Drogerie/Körperpflege/elkosvitalaugencreme.jpg"
          },
          {
            "image_urls": [
              "https://www.edeka24.de/out/pictures/generated/product/1/224_224_90/taft_haarspray_volumen_damp252nner_werdendes_haar_sehr_starker_halt_5_250ml.jpg"
            ],
            "ItemTitle": "Schwarzkopf Taft Volumen Haarspray Halt 5 250ML",
            "ItemPrice": "3,29€",
            "ItemUnit": "13,16€/l",
            "local_image_path": "Drogerie/Körperpflege/taft_haarspray_volumen_damp252nner_werdendes_haar_sehr_starker_halt_5_250ml.jpg"
          },
          {
            "image_urls": [
              "https://www.edeka24.de/out/pictures/generated/product/1/224_224_90/elvital_maske_dream_length_famp252r_langes_und_geschamp228digtes_haar_300ml.jpg"
            ],
            "ItemTitle": "L'Oreal Elvital Dream Length Super Aufbau Maske 300ML",
            "ItemPrice": "5,49€",
            "ItemUnit": "18,30€/l",
            "local_image_path": "Drogerie/Körperpflege/elvital_maske_dream_length_famp252r_langes_und_geschamp228digtes_haar_300ml.jpg"
          },
          {
            "image_urls": [
              "https://www.edeka24.de/out/pictures/generated/product/1/224_224_90/adidasiddg.jpg"
            ],
            "ItemTitle": "Adidas Ice Dive Duschgel 3in1 250ML",
            "ItemPrice": "2,99€",
            "ItemUnit": "11,96€/l",
            "local_image_path": "Drogerie/Körperpflege/adidasiddg.jpg"
          },
          {
            "image_urls": [
              "https://www.edeka24.de/out/pictures/generated/product/1/224_224_90/o_keefes_lippenbalsam_unparfmiert.jpg"
            ],
            "ItemTitle": "O´Keeffe´s Lippenbalsam unparfümiert 4,2G",
            "ItemSalePrice": "4,50€",
            "ItemUnit": "107,14€/kg",
            "local_image_path": "Drogerie/Körperpflege/o_keefes_lippenbalsam_unparfmiert.jpg"
          },
          {
            "image_urls": [
              "https://www.edeka24.de/out/pictures/generated/product/1/224_224_90/l039oreal_elvital_tonerde_absolue_pflegeshampoo_03_ltr.jpg"
            ],
            "ItemTitle": "L'Oreal Elvital Tonerde Absolue Klärendes Pflegeshampoo 300ML",
            "ItemPrice": "4,29€",
            "ItemUnit": "14,30€/l",
            "local_image_path": "Drogerie/Körperpflege/l039oreal_elvital_tonerde_absolue_pflegeshampoo_03_ltr.jpg"
          },
          {
            "image_urls": [
              "https://www.edeka24.de/out/pictures/generated/product/1/224_224_90/pantene_prov_repairampampcare_kollagen_miracle_serum_160ml.jpg"
            ],
            "ItemTitle": "Pantene Pro-V Miracle Serum Repair & Care mit Collagen 160ML",
            "ItemPrice": "5,49€",
            "ItemUnit": "34,31€/l",
            "local_image_path": "Drogerie/Körperpflege/pantene_prov_repairampampcare_kollagen_miracle_serum_160ml.jpg"
          },
          {
            "image_urls": [
              "https://www.edeka24.de/out/pictures/generated/product/1/224_224_90/niveastraffbraunq10.jpg"
            ],
            "ItemTitle": "Nivea Body Lotion Straffend+Bräunend 200ML",
            "ItemPrice": "4,79€",
            "ItemUnit": "23,95€/l",
            "local_image_path": "Drogerie/Körperpflege/niveastraffbraunq10.jpg"
          },
          {
            "image_urls": [
              "https://www.edeka24.de/out/pictures/generated/product/1/224_224_90/nivea_deo_creme_dry_comfort_antitranspirant_75ml.jpg"
            ],
            "ItemTitle": "Nivea Dry Comfort Antitranspirant Creme 75ML",
            "ItemPrice": "3,99€",
            "ItemUnit": "53,20€/l",
            "local_image_path": "Drogerie/Körperpflege/nivea_deo_creme_dry_comfort_antitranspirant_75ml.jpg"
          },
          {
            "image_urls": [
              "https://www.edeka24.de/out/pictures/generated/product/1/224_224_90/syoss_shampoo_men_power_440ml.jpg"
            ],
            "ItemTitle": "Syoss Men Power Shampoo 440ML",
            "ItemPrice": "3,79€",
            "ItemUnit": "8,61€/l",
            "local_image_path": "Drogerie/Körperpflege/syoss_shampoo_men_power_440ml.jpg"
          },
          {
            "image_urls": [
              "https://www.edeka24.de/out/pictures/generated/product/1/224_224_90/dovedgpflegeundl.jpg"
            ],
            "ItemTitle": "Dove Pflegedusche Pflege & Öl 250ML",
            "ItemPrice": "2,29€",
            "ItemUnit": "9,16€/l",
            "local_image_path": "Drogerie/Körperpflege/dovedgpflegeundl.jpg"
          },
          {
            "image_urls": [
              "https://www.edeka24.de/out/pictures/generated/product/1/224_224_90/john_frieda_deep_cleanseampamprepair_conditioner_250ml.jpg"
            ],
            "ItemTitle": "John Frieda Deep Cleanse + Repair Conditioner 250ML",
            "ItemPrice": "8,49€",
            "ItemUnit": "33,96€/l",
            "local_image_path": "Drogerie/Körperpflege/john_frieda_deep_cleanseampamprepair_conditioner_250ml.jpg"
          },
          {
            "image_urls": [
              "https://www.edeka24.de/out/pictures/generated/product/1/224_224_90/guhl_30_sekunden_intensiv_kur_feuchtigkeit_100ml.jpg"
            ],
            "ItemTitle": "Guhl 30 Sekunden Intensiv Kur Feuchtigkeit 100ML",
            "ItemPrice": "3,29€",
            "ItemUnit": "32,90€/l",
            "local_image_path": "Wein/ Spirituosen/Spirituosen/highland_park_18_jahre_single_malt_whisky.jpg"
          },
          {
            "image_urls": [
              "https://www.edeka24.de/out/pictures/generated/product/1/224_224_90/nivea_shampoo_classic_mild_250ml.jpg"
            ],
            "ItemTitle": "Nivea Classic Mild Shampoo pH Balance 250ML",
            "ItemPrice": "2,99€",
            "ItemUnit": "11,96€/l",
            "local_image_path": "Wein/ Spirituosen/Spirituosen/highland_park_18_jahre_single_malt_whisky.jpg"
          },
          {
            "image_urls": [
              "https://www.edeka24.de/out/pictures/generated/product/1/224_224_90/elvitallmagl.jpg"
            ],
            "ItemTitle": "L'Oreal Elvital Öl Magique Veredelndes Haaröl 100ML",
            "ItemPrice": "7,49€",
            "ItemUnit": "74,90€/l",
            "local_image_path": "Wein/ Spirituosen/Spirituosen/highland_park_18_jahre_single_malt_whisky.jpg"
          },
          {
            "image_urls": [
              "https://www.edeka24.de/out/pictures/generated/product/1/224_224_90/palmolivedgkameliemandel.jpg"
            ],
            "ItemTitle": "Palmolive Naturals Duschcreme Kamelie & Mandel 250ML",
            "ItemPrice": "1,59€",
            "ItemUnit": "6,36€/l",
            "local_image_path": "Wein/ Spirituosen/Spirituosen/highland_park_18_jahre_single_malt_whisky.jpg"
          },
          {
            "image_urls": [
              "https://www.edeka24.de/out/pictures/generated/product/1/224_224_90/kneipp_badekristalle_entspannung_pur_60_g.jpg"
            ],
            "ItemTitle": "Kneipp Badekristalle Entspannung Pur 60G",
            "ItemPrice": "1,39€",
            "ItemUnit": "23,17€/kg",
            "local_image_path": "Wein/ Spirituosen/Spirituosen/highland_park_18_jahre_single_malt_whisky.jpg"
          },
          {
            "image_urls": [
              "https://www.edeka24.de/out/pictures/generated/product/1/224_224_90/axe_deo_bodyspray_gold_caramel_billionaire_magnum_150ml.jpg"
            ],
            "ItemTitle": "Axe Bodyspray Gold Caramel Billionaire Magnum 150ML",
            "ItemPrice": "4,29€",
            "ItemUnit": "28,60€/l",
            "local_image_path": "Wein/ Spirituosen/Spirituosen/highland_park_18_jahre_single_malt_whisky.jpg"
          },
          {
            "image_urls": [
              "https://www.edeka24.de/out/pictures/generated/product/1/224_224_90/nivea_pflegedusche_coconutampampjojobaamp246l_250ml.jpg"
            ],
            "ItemTitle": "Nivea Pflegedusche Coconut & Jojoba Oil 250ML",
            "ItemPrice": "1,99€",
            "ItemUnit": "7,96€/l",
            "local_image_path": "Wein/ Spirituosen/Spirituosen/highland_park_18_jahre_single_malt_whisky.jpg"
          },
          {
            "image_urls": [
              "https://www.edeka24.de/out/pictures/generated/product/1/224_224_90/john_frieda_violet_crush_silber_shampoo_250ml.jpg"
            ],
            "ItemTitle": "John Frieda Violet Crush Silber Shampoo 250ML",
            "ItemPrice": "8,49€",
            "ItemUnit": "33,96€/l",
            "local_image_path": "Wein/ Spirituosen/Spirituosen/highland_park_18_jahre_single_malt_whisky.jpg"
          },
          {
            "image_urls": [
              "https://www.edeka24.de/out/pictures/generated/product/1/224_224_90/john_frieda_hydro_boost_feuchtigkeitkur_trockenesspramp246des_haar_250ml.jpg"
            ],
            "ItemTitle": "John Frieda Hydro Boost Feuchtigkeit-Masque 250ML",
            "ItemPrice": "8,49€",
            "ItemUnit": "33,96€/l",
            "local_image_path": "Wein/ Spirituosen/Spirituosen/highland_park_18_jahre_single_malt_whisky.jpg"
          },
          {
            "image_urls": [
              "https://www.edeka24.de/out/pictures/generated/product/1/224_224_90/bettinabartyhandbodylotionmusk.jpg"
            ],
            "ItemTitle": "Bettina Barty Hand & Body Lotion Musk 0,5L",
            "ItemPrice": "5,49€",
            "ItemUnit": "10,98€/l",
            "local_image_path": "Wein/ Spirituosen/Spirituosen/highland_park_18_jahre_single_malt_whisky.jpg"
          },
          {
            "image_urls": [
              "https://www.edeka24.de/out/pictures/generated/product/1/224_224_90/edeka_elkos_dentamax_interdentalbamp252rsten_konisch_fein_6st(1).jpg"
            ],
            "ItemTitle": "elkos DentaMax Interdentalbürsten konisch fein 6ST",
            "ItemPrice": "1,49€",
            "ItemUnit": "0,25€/st",
            "local_image_path": "Drogerie/Körperpflege/edeka_elkos_dentamax_interdentalbamp252rsten_konisch_fein_6st(1).jpg"
          },
          {
            "image_urls": [
              "https://www.edeka24.de/out/pictures/generated/product/1/224_224_90/taft_schaumfestiger_locken_mittlerer_halt_3_150ml.jpg"
            ],
            "ItemTitle": "Schwarzkopf Taft Locken Schaumfestiger Halt 3 150ML",
            "ItemPrice": "3,29€",
            "ItemUnit": "21,93€/l",
            "local_image_path": "Drogerie/Körperpflege/taft_schaumfestiger_locken_mittlerer_halt_3_150ml.jpg"
          },
          {
            "image_urls": [
              "https://www.edeka24.de/out/pictures/generated/product/1/224_224_90/kneipp-lebensfreude-aroma-pflegedusche.jpg"
            ],
            "ItemTitle": "Kneipp Aroma Pflegedusche Lebensfreude mit Litsea und Zitrone 200ML",
            "ItemPrice": "3,49€",
            "ItemUnit": "17,45€/l",
            "local_image_path": "Drogerie/Körperpflege/kneipp-lebensfreude-aroma-pflegedusche.jpg"
          },
          {
            "image_urls": [
              "https://www.edeka24.de/out/pictures/generated/product/1/224_224_90/kukident_superhaftcreme_extra_starker_halt_kamille.jpg"
            ],
            "ItemTitle": "Kukident Professionell Haftcreme Med + Kamille 40G",
            "ItemPrice": "2,49€",
            "ItemUnit": "62,25€/kg",
            "local_image_path": "Drogerie/Körperpflege/kukident_superhaftcreme_extra_starker_halt_kamille.jpg"
          },
          {
            "image_urls": [
              "https://www.edeka24.de/out/pictures/generated/product/1/224_224_90/aronal-zahncreme.jpg"
            ],
            "ItemTitle": "Aronal Zahncreme mit Zink 75ML",
            "ItemPrice": "4,29€",
            "ItemUnit": "57,20€/l",
            "local_image_path": "Drogerie/Körperpflege/aronal-zahncreme.jpg"
          },
          {
            "image_urls": [
              "https://www.edeka24.de/out/pictures/generated/product/1/224_224_90/elmexkariesschutz.jpg"
            ],
            "ItemTitle": "Elmex Zahncreme Kariesschutz 75ML",
            "ItemPrice": "4,29€",
            "ItemUnit": "57,20€/l",
            "local_image_path": "Drogerie/Körperpflege/elmexkariesschutz.jpg"
          },
          {
            "image_urls": [
              "https://www.edeka24.de/out/pictures/generated/product/1/224_224_90/alpecin_antischuppen_shampoo_a3_250_ml.jpg"
            ],
            "ItemTitle": "Alpecin Anti-Schuppen Shampoo A3 250ML",
            "ItemPrice": "5,99€",
            "ItemUnit": "23,96€/l",
            "local_image_path": "Drogerie/Körperpflege/alpecin_antischuppen_shampoo_a3_250_ml.jpg"
          },
          {
            "image_urls": [
              "https://www.edeka24.de/out/pictures/generated/product/1/224_224_90/axe_duschgel_ice_chill_250ml(1).jpg"
            ],
            "ItemTitle": "Axe Duschgel Ice Chill 3in1 250ML",
            "ItemPrice": "2,69€",
            "ItemUnit": "10,76€/l",
            "local_image_path": "Drogerie/Körperpflege/axe_duschgel_ice_chill_250ml(1).jpg"
          },
          {
            "image_urls": [
              "https://www.edeka24.de/out/pictures/generated/product/1/224_224_90/elkosvitalaugencreme.jpg"
            ],
            "ItemTitle": "Elkos Face Vital Augencreme 15ML",
            "ItemPrice": "2,29€",
            "ItemUnit": "152,67€/l",
            "local_image_path": "Drogerie/Körperpflege/elkosvitalaugencreme.jpg"
          },
          {
            "image_urls": [
              "https://www.edeka24.de/out/pictures/generated/product/1/224_224_90/taft_haarspray_volumen_damp252nner_werdendes_haar_sehr_starker_halt_5_250ml.jpg"
            ],
            "ItemTitle": "Schwarzkopf Taft Volumen Haarspray Halt 5 250ML",
            "ItemPrice": "3,29€",
            "ItemUnit": "13,16€/l",
            "local_image_path": "Drogerie/Körperpflege/taft_haarspray_volumen_damp252nner_werdendes_haar_sehr_starker_halt_5_250ml.jpg"
          },
          {
            "image_urls": [
              "https://www.edeka24.de/out/pictures/generated/product/1/224_224_90/elvital_maske_dream_length_famp252r_langes_und_geschamp228digtes_haar_300ml.jpg"
            ],
            "ItemTitle": "L'Oreal Elvital Dream Length Super Aufbau Maske 300ML",
            "ItemPrice": "5,49€",
            "ItemUnit": "18,30€/l",
            "local_image_path": "Drogerie/Körperpflege/elvital_maske_dream_length_famp252r_langes_und_geschamp228digtes_haar_300ml.jpg"
          },
          {
            "image_urls": [
              "https://www.edeka24.de/out/pictures/generated/product/1/224_224_90/adidasiddg.jpg"
            ],
            "ItemTitle": "Adidas Ice Dive Duschgel 3in1 250ML",
            "ItemPrice": "2,99€",
            "ItemUnit": "11,96€/l",
            "local_image_path": "Drogerie/Körperpflege/adidasiddg.jpg"
          },
          {
            "image_urls": [
              "https://www.edeka24.de/out/pictures/generated/product/1/224_224_90/o_keefes_lippenbalsam_unparfmiert.jpg"
            ],
            "ItemTitle": "O´Keeffe´s Lippenbalsam unparfümiert 4,2G",
            "ItemSalePrice": "4,50€",
            "ItemUnit": "107,14€/kg",
            "local_image_path": "Drogerie/Körperpflege/o_keefes_lippenbalsam_unparfmiert.jpg"
          },
          {
            "image_urls": [
              "https://www.edeka24.de/out/pictures/generated/product/1/224_224_90/l039oreal_elvital_tonerde_absolue_pflegeshampoo_03_ltr.jpg"
            ],
            "ItemTitle": "L'Oreal Elvital Tonerde Absolue Klärendes Pflegeshampoo 300ML",
            "ItemPrice": "4,29€",
            "ItemUnit": "14,30€/l",
            "local_image_path": "Drogerie/Körperpflege/l039oreal_elvital_tonerde_absolue_pflegeshampoo_03_ltr.jpg"
          },
          {
            "image_urls": [
              "https://www.edeka24.de/out/pictures/generated/product/1/224_224_90/pantene_prov_repairampampcare_kollagen_miracle_serum_160ml.jpg"
            ],
            "ItemTitle": "Pantene Pro-V Miracle Serum Repair & Care mit Collagen 160ML",
            "ItemPrice": "5,49€",
            "ItemUnit": "34,31€/l",
            "local_image_path": "Drogerie/Körperpflege/pantene_prov_repairampampcare_kollagen_miracle_serum_160ml.jpg"
          },
          {
            "image_urls": [
              "https://www.edeka24.de/out/pictures/generated/product/1/224_224_90/niveastraffbraunq10.jpg"
            ],
            "ItemTitle": "Nivea Body Lotion Straffend+Bräunend 200ML",
            "ItemPrice": "4,79€",
            "ItemUnit": "23,95€/l",
            "local_image_path": "Drogerie/Körperpflege/niveastraffbraunq10.jpg"
          },
          {
            "image_urls": [
              "https://www.edeka24.de/out/pictures/generated/product/1/224_224_90/nivea_deo_creme_dry_comfort_antitranspirant_75ml.jpg"
            ],
            "ItemTitle": "Nivea Dry Comfort Antitranspirant Creme 75ML",
            "ItemPrice": "3,99€",
            "ItemUnit": "53,20€/l",
            "local_image_path": "Drogerie/Körperpflege/nivea_deo_creme_dry_comfort_antitranspirant_75ml.jpg"
          },
          {
            "image_urls": [
              "https://www.edeka24.de/out/pictures/generated/product/1/224_224_90/syoss_shampoo_men_power_440ml.jpg"
            ],
            "ItemTitle": "Syoss Men Power Shampoo 440ML",
            "ItemPrice": "3,79€",
            "ItemUnit": "8,61€/l",
            "local_image_path": "Drogerie/Körperpflege/syoss_shampoo_men_power_440ml.jpg"
          },
          {
            "image_urls": [
              "https://www.edeka24.de/out/pictures/generated/product/1/224_224_90/dovedgpflegeundl.jpg"
            ],
            "ItemTitle": "Dove Pflegedusche Pflege & Öl 250ML",
            "ItemPrice": "2,29€",
            "ItemUnit": "9,16€/l",
            "local_image_path": "Drogerie/Körperpflege/dovedgpflegeundl.jpg"
          },
          {
            "image_urls": [
              "https://www.edeka24.de/out/pictures/generated/product/1/224_224_90/john_frieda_deep_cleanseampamprepair_conditioner_250ml.jpg"
            ],
            "ItemTitle": "John Frieda Deep Cleanse + Repair Conditioner 250ML",
            "ItemPrice": "8,49€",
            "ItemUnit": "33,96€/l",
            "local_image_path": "Drogerie/Körperpflege/john_frieda_deep_cleanseampamprepair_conditioner_250ml.jpg"
          },
          {
            "image_urls": [
              "https://www.edeka24.de/out/pictures/generated/product/1/224_224_90/guhl_30_sekunden_intensiv_kur_feuchtigkeit_100ml.jpg"
            ],
            "ItemTitle": "Guhl 30 Sekunden Intensiv Kur Feuchtigkeit 100ML",
            "ItemPrice": "3,29€",
            "ItemUnit": "32,90€/l",
            "local_image_path": "Wein/ Spirituosen/Spirituosen/highland_park_18_jahre_single_malt_whisky.jpg"
          },
          {
            "image_urls": [
              "https://www.edeka24.de/out/pictures/generated/product/1/224_224_90/nivea_shampoo_classic_mild_250ml.jpg"
            ],
            "ItemTitle": "Nivea Classic Mild Shampoo pH Balance 250ML",
            "ItemPrice": "2,99€",
            "ItemUnit": "11,96€/l",
            "local_image_path": "Wein/ Spirituosen/Spirituosen/highland_park_18_jahre_single_malt_whisky.jpg"
          },
          {
            "image_urls": [
              "https://www.edeka24.de/out/pictures/generated/product/1/224_224_90/elvitallmagl.jpg"
            ],
            "ItemTitle": "L'Oreal Elvital Öl Magique Veredelndes Haaröl 100ML",
            "ItemPrice": "7,49€",
            "ItemUnit": "74,90€/l",
            "local_image_path": "Wein/ Spirituosen/Spirituosen/highland_park_18_jahre_single_malt_whisky.jpg"
          },
          {
            "image_urls": [
              "https://www.edeka24.de/out/pictures/generated/product/1/224_224_90/palmolivedgkameliemandel.jpg"
            ],
            "ItemTitle": "Palmolive Naturals Duschcreme Kamelie & Mandel 250ML",
            "ItemPrice": "1,59€",
            "ItemUnit": "6,36€/l",
            "local_image_path": "Wein/ Spirituosen/Spirituosen/highland_park_18_jahre_single_malt_whisky.jpg"
          },
          {
            "image_urls": [
              "https://www.edeka24.de/out/pictures/generated/product/1/224_224_90/kneipp_badekristalle_entspannung_pur_60_g.jpg"
            ],
            "ItemTitle": "Kneipp Badekristalle Entspannung Pur 60G",
            "ItemPrice": "1,39€",
            "ItemUnit": "23,17€/kg",
            "local_image_path": "Wein/ Spirituosen/Spirituosen/highland_park_18_jahre_single_malt_whisky.jpg"
          },
          {
            "image_urls": [
              "https://www.edeka24.de/out/pictures/generated/product/1/224_224_90/axe_deo_bodyspray_gold_caramel_billionaire_magnum_150ml.jpg"
            ],
            "ItemTitle": "Axe Bodyspray Gold Caramel Billionaire Magnum 150ML",
            "ItemPrice": "4,29€",
            "ItemUnit": "28,60€/l",
            "local_image_path": "Wein/ Spirituosen/Spirituosen/highland_park_18_jahre_single_malt_whisky.jpg"
          },
          {
            "image_urls": [
              "https://www.edeka24.de/out/pictures/generated/product/1/224_224_90/nivea_pflegedusche_coconutampampjojobaamp246l_250ml.jpg"
            ],
            "ItemTitle": "Nivea Pflegedusche Coconut & Jojoba Oil 250ML",
            "ItemPrice": "1,99€",
            "ItemUnit": "7,96€/l",
            "local_image_path": "Wein/ Spirituosen/Spirituosen/highland_park_18_jahre_single_malt_whisky.jpg"
          },
          {
            "image_urls": [
              "https://www.edeka24.de/out/pictures/generated/product/1/224_224_90/john_frieda_violet_crush_silber_shampoo_250ml.jpg"
            ],
            "ItemTitle": "John Frieda Violet Crush Silber Shampoo 250ML",
            "ItemPrice": "8,49€",
            "ItemUnit": "33,96€/l",
            "local_image_path": "Wein/ Spirituosen/Spirituosen/highland_park_18_jahre_single_malt_whisky.jpg"
          },
          {
            "image_urls": [
              "https://www.edeka24.de/out/pictures/generated/product/1/224_224_90/john_frieda_hydro_boost_feuchtigkeitkur_trockenesspramp246des_haar_250ml.jpg"
            ],
            "ItemTitle": "John Frieda Hydro Boost Feuchtigkeit-Masque 250ML",
            "ItemPrice": "8,49€",
            "ItemUnit": "33,96€/l",
            "local_image_path": "Wein/ Spirituosen/Spirituosen/highland_park_18_jahre_single_malt_whisky.jpg"
          },
          {
            "image_urls": [
              "https://www.edeka24.de/out/pictures/generated/product/1/224_224_90/bettinabartyhandbodylotionmusk.jpg"
            ],
            "ItemTitle": "Bettina Barty Hand & Body Lotion Musk 0,5L",
            "ItemPrice": "5,49€",
            "ItemUnit": "10,98€/l",
            "local_image_path": "Wein/ Spirituosen/Spirituosen/highland_park_18_jahre_single_malt_whisky.jpg"
          },
          {
            "image_urls": [
              "https://www.edeka24.de/out/pictures/generated/product/1/224_224_90/nivea_intensiv_pflege_200ml.jpg"
            ],
            "ItemTitle": "Nivea Care Intensiv Pflege Creme für Gesicht & Körper 200ML",
            "ItemPrice": "4,79€",
            "ItemUnit": "23,95€/l",
            "local_image_path": "Drogerie/Körperpflege/nivea_intensiv_pflege_200ml.jpg"
          },
          {
            "image_urls": [
              "https://www.edeka24.de/out/pictures/generated/product/1/224_224_90/frizz_ease_traumglamp228tte_conditioner_250ml.jpg"
            ],
            "ItemTitle": "John Frieda Frizz Ease Traumglätte Conditioner 250ML",
            "ItemPrice": "8,49€",
            "ItemUnit": "33,96€/l",
            "local_image_path": "Drogerie/Körperpflege/frizz_ease_traumglamp228tte_conditioner_250ml.jpg"
          },
          {
            "image_urls": [
              "https://www.edeka24.de/out/pictures/generated/product/1/224_224_90/taft_styling_wax_power_sehr_starker_halt_5_75ml.jpg"
            ],
            "ItemTitle": "Schwarzkopf Taft Power Styling Wax Halt 5 75ML",
            "ItemPrice": "3,29€",
            "ItemUnit": "43,87€/l",
            "local_image_path": "Drogerie/Körperpflege/taft_styling_wax_power_sehr_starker_halt_5_75ml.jpg"
          },
          {
            "image_urls": [
              "https://www.edeka24.de/out/pictures/generated/product/1/224_224_90/nivea_rosenwasser_mizellenwasser_alle_hauttypen_400ml.jpg"
            ],
            "ItemTitle": "Nivea Rosenwasser Mizellenwasser 400ML",
            "ItemPrice": "4,29€",
            "ItemUnit": "10,73€/l",
            "local_image_path": "Drogerie/Körperpflege/nivea_rosenwasser_mizellenwasser_alle_hauttypen_400ml.jpg"
          },
          {
            "image_urls": [
              "https://www.edeka24.de/out/pictures/generated/product/1/224_224_90/kneipp_duschbalsam_mandelblten_hauchzart_200_ml.jpg"
            ],
            "ItemTitle": "Kneipp Duschbalsam Mandelblüten Hauchzart 200ML",
            "ItemPrice": "3,49€",
            "ItemUnit": "17,45€/l",
            "local_image_path": "Drogerie/Körperpflege/kneipp_duschbalsam_mandelblten_hauchzart_200_ml.jpg"
          },
          {
            "image_urls": [
              "https://www.edeka24.de/out/pictures/generated/product/1/224_224_90/taft_haarlack_pure_starker_halt_4_250ml.jpg"
            ],
            "ItemTitle": "Schwarzkopf Taft Pure Haarlack Halt 4 250ML",
            "ItemPrice": "3,29€",
            "ItemUnit": "13,16€/l",
            "local_image_path": "Drogerie/Körperpflege/taft_haarlack_pure_starker_halt_4_250ml.jpg"
          },
          {
            "image_urls": [
              "https://www.edeka24.de/out/pictures/generated/product/1/224_224_90/john_frieda_deep_sea_hydration_conditioner_250ml.jpg"
            ],
            "ItemTitle": "John Frieda Deep Sea Hydration Feuchtigkeits-Conditioner 250ML",
            "ItemPrice": "8,49€",
            "ItemUnit": "33,96€/l",
            "local_image_path": "Drogerie/Körperpflege/john_frieda_deep_sea_hydration_conditioner_250ml.jpg"
          },
          {
            "image_urls": [
              "https://www.edeka24.de/out/pictures/generated/product/1/224_224_90/nivea_care_intensive_pflege_creme_400ml.jpg"
            ],
            "ItemTitle": "Nivea Care Intensive Pflege Creme 400ML",
            "ItemPrice": "6,99€",
            "ItemUnit": "17,48€/l",
            "local_image_path": "Drogerie/Körperpflege/nivea_care_intensive_pflege_creme_400ml.jpg"
          },
          {
            "image_urls": [
              "https://www.edeka24.de/out/pictures/generated/product/1/224_224_90/sensodyne_multicare_sanftweiamp223_zahncreme_75ml.jpg"
            ],
            "ItemTitle": "Sensodyne MultiCare Sanftweiß Zahncreme 75ML",
            "ItemPrice": "3,99€",
            "ItemUnit": "53,20€/l",
            "local_image_path": "Drogerie/Körperpflege/sensodyne_multicare_sanftweiamp223_zahncreme_75ml.jpg"
          },
          {
            "image_urls": [
              "https://www.edeka24.de/out/pictures/generated/product/1/224_224_90/axe_bodyspray_excite_150ml.jpg"
            ],
            "ItemTitle": "Axe Bodyspray Excite 150ML",
            "ItemPrice": "4,29€",
            "ItemUnit": "28,60€/l",
            "local_image_path": "Drogerie/Körperpflege/axe_bodyspray_excite_150ml.jpg"
          },
          {
            "image_urls": [
              "https://www.edeka24.de/out/pictures/generated/product/1/224_224_90/schwarzkopfbart-color80.jpg"
            ],
            "ItemTitle": "Schwarzkopf Men Perfect Bart-Coloration 80 dunkelbraun 30ML",
            "ItemPrice": "5,49€",
            "ItemUnit": "183,00€/l",
            "local_image_path": "Drogerie/Körperpflege/schwarzkopfbart-color80.jpg"
          },
          {
            "image_urls": [
              "https://www.edeka24.de/out/pictures/generated/product/1/224_224_90/scholl_antihornhaut_creme_intensiv_75ml.jpg"
            ],
            "ItemTitle": "Scholl Anti-Hornhaut Creme Intensiv 75ML",
            "ItemPrice": "8,99€",
            "ItemUnit": "119,87€/l",
            "local_image_path": "Drogerie/Körperpflege/scholl_antihornhaut_creme_intensiv_75ml.jpg"
          },
          {
            "image_urls": [
              "https://www.edeka24.de/out/pictures/generated/product/1/224_224_90/barnamp228ngen_nutritive_body_lotion_400ml.jpg"
            ],
            "ItemTitle": "Barnängen Nutritive Body Lotion 400ML",
            "ItemPrice": "6,49€",
            "ItemUnit": "16,23€/l",
            "local_image_path": "Drogerie/Körperpflege/barnamp228ngen_nutritive_body_lotion_400ml.jpg"
          },
          {
            "image_urls": [
              "https://www.edeka24.de/out/pictures/generated/product/1/224_224_90/axe_bodyspray_gold_temptation150ml.jpg"
            ],
            "ItemTitle": "Axe Bodyspray Gold Temptation 150ML",
            "ItemPrice": "4,29€",
            "ItemUnit": "28,60€/l",
            "local_image_path": "Drogerie/Körperpflege/axe_bodyspray_gold_temptation150ml.jpg"
          },
          {
            "image_urls": [
              "https://www.edeka24.de/out/pictures/generated/product/1/224_224_90/taft_haarspray_power_express_sehr_starker_halt_5_250ml.jpg"
            ],
            "ItemTitle": "Schwarzkopf Taft Power Express Haarspray Halt 5 250ML",
            "ItemPrice": "3,29€",
            "ItemUnit": "13,16€/l",
            "local_image_path": "Drogerie/Körperpflege/taft_haarspray_power_express_sehr_starker_halt_5_250ml.jpg"
          },
          {
            "image_urls": [
              "https://www.edeka24.de/out/pictures/generated/product/1/224_224_90/pantene_prov_color_protect_splung_200_ml.jpg"
            ],
            "ItemTitle": "Pantene Pro-V Color Protect Spülung 200ML",
            "ItemPrice": "3,99€",
            "ItemUnit": "19,95€/l",
            "local_image_path": "Drogerie/Körperpflege/pantene_prov_color_protect_splung_200_ml.jpg"
          },
          {
            "image_urls": [
              "https://www.edeka24.de/out/pictures/generated/product/1/224_224_90/bruno_banani_made_for_men_showergel_250ml.jpg"
            ],
            "ItemTitle": "Bruno Banani Made for Men 3in1 Duschgel 250ML",
            "ItemPrice": "3,79€",
            "ItemUnit": "15,16€/l",
            "local_image_path": "Drogerie/Körperpflege/bruno_banani_made_for_men_showergel_250ml.jpg"
          },
          {
            "image_urls": [
              "https://www.edeka24.de/out/pictures/generated/product/1/224_224_90/alpecin_aktiv_shampoo_a1_250_ml.jpg"
            ],
            "ItemTitle": "Alpecin Aktiv Shampoo A1 250ML",
            "ItemPrice": "5,99€",
            "ItemUnit": "23,96€/l",
            "local_image_path": "Drogerie/Körperpflege/alpecin_aktiv_shampoo_a1_250_ml.jpg"
          },
          {
            "image_urls": [
              "https://www.edeka24.de/out/pictures/generated/product/1/224_224_90/garnier_wahre_schamp228tze_shampoo_kokosmilchampampacadamia_famp252r_gesundes_und_famp252hlbar_geschmeidigeres_haar_250ml.jpg"
            ],
            "ItemTitle": "Garnier Wahre Schätze Pflegendes Shampoo Kokosmilch & Macadamia 250ML",
            "ItemPrice": "2,79€",
            "ItemUnit": "11,16€/l",
            "local_image_path": "Drogerie/Körperpflege/garnier_wahre_schamp228tze_shampoo_kokosmilchampampacadamia_famp252r_gesundes_und_famp252hlbar_geschmeidigeres_haar_250ml.jpg"
          },
          {
            "image_urls": [
              "https://www.edeka24.de/out/pictures/generated/product/1/224_224_90/taft_beauty_wunder_4in1_fluid_100ml.jpg"
            ],
            "ItemTitle": "Schwarzkopf Taft 4in1 Beauty Wunder Fluid 100ML",
            "ItemPrice": "4,29€",
            "ItemUnit": "42,90€/l",
            "local_image_path": "Drogerie/Körperpflege/taft_beauty_wunder_4in1_fluid_100ml.jpg"
          },
          {
            "image_urls": [
              "https://www.edeka24.de/out/pictures/generated/product/1/224_224_90/guhl_farbglanz_shampoo_color_schutzampamppflege_famp252r_coloriertesgetamp246ntes_oder_gestramp228hntes_haar_250ml.jpg"
            ],
            "ItemTitle": "Guhl Farbglanz Shampoo Color Schutz & Pflege für coloriertes,getöntes oder gesträhntes Haar 250ML",
            "ItemPrice": "4,49€",
            "ItemUnit": "17,96€/l",
            "local_image_path": "Drogerie/Körperpflege/guhl_farbglanz_shampoo_color_schutzampamppflege_famp252r_coloriertesgetamp246ntes_oder_gestramp228hntes_haar_250ml.jpg"
          },
          {
            "image_urls": [
              "https://www.edeka24.de/out/pictures/generated/product/1/224_224_90/taft_overnight_wellen_wunder_spray_150ml.jpg"
            ],
            "ItemTitle": "Schwarzkopf Taft Overnight Wellen Wunder Spray 150ML",
            "ItemPrice": "4,29€",
            "ItemUnit": "28,60€/l",
            "local_image_path": "Drogerie/Körperpflege/taft_overnight_wellen_wunder_spray_150ml.jpg"
          },
          {
            "image_urls": [
              "https://www.edeka24.de/out/pictures/generated/product/1/224_224_90/john_frieda_frizz_ease_tgliche_wunderkur_sofort_pflegespray_200_ml.jpg"
            ],
            "ItemTitle": "John Frieda Frizz Ease Tägliche Wunderkur Sofort Pflegespray 200ML",
            "ItemPrice": "8,49€",
            "ItemUnit": "42,45€/l",
            "local_image_path": "Drogerie/Körperpflege/john_frieda_frizz_ease_tgliche_wunderkur_sofort_pflegespray_200_ml.jpg"
          },
          {
            "image_urls": [
              "https://www.edeka24.de/out/pictures/generated/product/1/224_224_90/elvital_2in1_shampooampampspamp252lung_color_glanz_famp252r_coloriertes_und_getamp246ntes_oder_gestramp228hntes_haar_300ml.jpg"
            ],
            "ItemTitle": "L'Oreal Elvital Color Glanz 2in1 Farbschutz Pflege-Shampoo und Spülung 300ML",
            "ItemPrice": "4,29€",
            "ItemUnit": "14,30€/l",
            "local_image_path": "Drogerie/Körperpflege/elvital_2in1_shampooampampspamp252lung_color_glanz_famp252r_coloriertes_und_getamp246ntes_oder_gestramp228hntes_haar_300ml.jpg"
          },
          {
            "image_urls": [
              "https://www.edeka24.de/out/pictures/generated/product/1/224_224_90/elvital_spamp252lung_color_glanz_250ml.jpg"
            ],
            "ItemTitle": "L'Oreal Elvital Color Glanz Spülung 250ML",
            "ItemPrice": "4,29€",
            "ItemUnit": "17,16€/l",
            "local_image_path": "Drogerie/Körperpflege/elvital_spamp252lung_color_glanz_250ml.jpg"
          },
          {
            "image_urls": [
              "https://www.edeka24.de/out/pictures/generated/product/1/224_224_90/axe_duschgel_excite_intense_attraction_250_ml.jpg"
            ],
            "ItemTitle": "Axe Duschgel Excite Intense Attraction 250ML",
            "ItemPrice": "2,69€",
            "ItemUnit": "10,76€/l",
            "local_image_path": "Drogerie/Körperpflege/axe_duschgel_excite_intense_attraction_250_ml.jpg"
          },
          {
            "image_urls": [
              "https://www.edeka24.de/out/pictures/generated/product/1/224_224_90/edeka_elkos_body_handkonzentrat_75ml.jpg"
            ],
            "ItemTitle": "Elkos Body Handkonzentrat Sofort-Hilfe 75ML",
            "ItemPrice": "1,29€",
            "ItemUnit": "17,20€/l",
            "local_image_path": "Drogerie/Körperpflege/edeka_elkos_body_handkonzentrat_75ml.jpg"
          },
          {
            "image_urls": [
              "https://www.edeka24.de/out/pictures/generated/product/1/224_224_90/unbenannt(22).png"
            ],
            "ItemTitle": "Guhl Schaum-Tönungsfestiger 70 Mittelblond 75ML",
            "ItemPrice": "3,79€",
            "ItemUnit": "50,53€/l",
            "local_image_path": "Drogerie/Körperpflege/unbenannt(22).png"
          },
          {
            "image_urls": [
              "https://www.edeka24.de/out/pictures/generated/product/1/224_224_90/kneipp_aromapflegedusche_du_bist_wunderbar_200ml.jpg"
            ],
            "ItemTitle": "Kneipp Aroma-Pflegedusche Du bist Wunderbar 200ML",
            "ItemPrice": "3,49€",
            "ItemUnit": "17,45€/l",
            "local_image_path": "Drogerie/Körperpflege/kneipp_aromapflegedusche_du_bist_wunderbar_200ml.jpg"
          },
          {
            "image_urls": [
              "https://www.edeka24.de/out/pictures/generated/product/1/224_224_90/hidrofugal_men_spray_frischampampstark_belebender_duft_150ml.jpg"
            ],
            "ItemTitle": "Hidrofugal Men Frisch & Stark Anti-Transpirant 150ML",
            "ItemPrice": "3,79€",
            "ItemUnit": "25,27€/l",
            "local_image_path": "Drogerie/Körperpflege/hidrofugal_men_spray_frischampampstark_belebender_duft_150ml.jpg"
          },
          {
            "image_urls": [
              "https://www.edeka24.de/out/pictures/generated/product/1/224_224_90/nivea_intensiv_pflege_200ml.jpg"
            ],
            "ItemTitle": "Nivea Care Intensiv Pflege Creme für Gesicht & Körper 200ML",
            "ItemPrice": "4,79€",
            "ItemUnit": "23,95€/l",
            "local_image_path": "Drogerie/Körperpflege/nivea_intensiv_pflege_200ml.jpg"
          },
          {
            "image_urls": [
              "https://www.edeka24.de/out/pictures/generated/product/1/224_224_90/frizz_ease_traumglamp228tte_conditioner_250ml.jpg"
            ],
            "ItemTitle": "John Frieda Frizz Ease Traumglätte Conditioner 250ML",
            "ItemPrice": "8,49€",
            "ItemUnit": "33,96€/l",
            "local_image_path": "Drogerie/Körperpflege/frizz_ease_traumglamp228tte_conditioner_250ml.jpg"
          },
          {
            "image_urls": [
              "https://www.edeka24.de/out/pictures/generated/product/1/224_224_90/taft_styling_wax_power_sehr_starker_halt_5_75ml.jpg"
            ],
            "ItemTitle": "Schwarzkopf Taft Power Styling Wax Halt 5 75ML",
            "ItemPrice": "3,29€",
            "ItemUnit": "43,87€/l",
            "local_image_path": "Drogerie/Körperpflege/taft_styling_wax_power_sehr_starker_halt_5_75ml.jpg"
          },
          {
            "image_urls": [
              "https://www.edeka24.de/out/pictures/generated/product/1/224_224_90/nivea_rosenwasser_mizellenwasser_alle_hauttypen_400ml.jpg"
            ],
            "ItemTitle": "Nivea Rosenwasser Mizellenwasser 400ML",
            "ItemPrice": "4,29€",
            "ItemUnit": "10,73€/l",
            "local_image_path": "Drogerie/Körperpflege/nivea_rosenwasser_mizellenwasser_alle_hauttypen_400ml.jpg"
          },
          {
            "image_urls": [
              "https://www.edeka24.de/out/pictures/generated/product/1/224_224_90/kneipp_duschbalsam_mandelblten_hauchzart_200_ml.jpg"
            ],
            "ItemTitle": "Kneipp Duschbalsam Mandelblüten Hauchzart 200ML",
            "ItemPrice": "3,49€",
            "ItemUnit": "17,45€/l",
            "local_image_path": "Drogerie/Körperpflege/kneipp_duschbalsam_mandelblten_hauchzart_200_ml.jpg"
          },
          {
            "image_urls": [
              "https://www.edeka24.de/out/pictures/generated/product/1/224_224_90/taft_haarlack_pure_starker_halt_4_250ml.jpg"
            ],
            "ItemTitle": "Schwarzkopf Taft Pure Haarlack Halt 4 250ML",
            "ItemPrice": "3,29€",
            "ItemUnit": "13,16€/l",
            "local_image_path": "Drogerie/Körperpflege/taft_haarlack_pure_starker_halt_4_250ml.jpg"
          },
          {
            "image_urls": [
              "https://www.edeka24.de/out/pictures/generated/product/1/224_224_90/john_frieda_deep_sea_hydration_conditioner_250ml.jpg"
            ],
            "ItemTitle": "John Frieda Deep Sea Hydration Feuchtigkeits-Conditioner 250ML",
            "ItemPrice": "8,49€",
            "ItemUnit": "33,96€/l",
            "local_image_path": "Drogerie/Körperpflege/john_frieda_deep_sea_hydration_conditioner_250ml.jpg"
          },
          {
            "image_urls": [
              "https://www.edeka24.de/out/pictures/generated/product/1/224_224_90/nivea_care_intensive_pflege_creme_400ml.jpg"
            ],
            "ItemTitle": "Nivea Care Intensive Pflege Creme 400ML",
            "ItemPrice": "6,99€",
            "ItemUnit": "17,48€/l",
            "local_image_path": "Drogerie/Körperpflege/nivea_care_intensive_pflege_creme_400ml.jpg"
          },
          {
            "image_urls": [
              "https://www.edeka24.de/out/pictures/generated/product/1/224_224_90/sensodyne_multicare_sanftweiamp223_zahncreme_75ml.jpg"
            ],
            "ItemTitle": "Sensodyne MultiCare Sanftweiß Zahncreme 75ML",
            "ItemPrice": "3,99€",
            "ItemUnit": "53,20€/l",
            "local_image_path": "Drogerie/Körperpflege/sensodyne_multicare_sanftweiamp223_zahncreme_75ml.jpg"
          },
          {
            "image_urls": [
              "https://www.edeka24.de/out/pictures/generated/product/1/224_224_90/axe_bodyspray_excite_150ml.jpg"
            ],
            "ItemTitle": "Axe Bodyspray Excite 150ML",
            "ItemPrice": "4,29€",
            "ItemUnit": "28,60€/l",
            "local_image_path": "Drogerie/Körperpflege/axe_bodyspray_excite_150ml.jpg"
          },
          {
            "image_urls": [
              "https://www.edeka24.de/out/pictures/generated/product/1/224_224_90/schwarzkopfbart-color80.jpg"
            ],
            "ItemTitle": "Schwarzkopf Men Perfect Bart-Coloration 80 dunkelbraun 30ML",
            "ItemPrice": "5,49€",
            "ItemUnit": "183,00€/l",
            "local_image_path": "Drogerie/Körperpflege/schwarzkopfbart-color80.jpg"
          },
          {
            "image_urls": [
              "https://www.edeka24.de/out/pictures/generated/product/1/224_224_90/scholl_antihornhaut_creme_intensiv_75ml.jpg"
            ],
            "ItemTitle": "Scholl Anti-Hornhaut Creme Intensiv 75ML",
            "ItemPrice": "8,99€",
            "ItemUnit": "119,87€/l",
            "local_image_path": "Drogerie/Körperpflege/scholl_antihornhaut_creme_intensiv_75ml.jpg"
          },
          {
            "image_urls": [
              "https://www.edeka24.de/out/pictures/generated/product/1/224_224_90/barnamp228ngen_nutritive_body_lotion_400ml.jpg"
            ],
            "ItemTitle": "Barnängen Nutritive Body Lotion 400ML",
            "ItemPrice": "6,49€",
            "ItemUnit": "16,23€/l",
            "local_image_path": "Drogerie/Körperpflege/barnamp228ngen_nutritive_body_lotion_400ml.jpg"
          },
          {
            "image_urls": [
              "https://www.edeka24.de/out/pictures/generated/product/1/224_224_90/axe_bodyspray_gold_temptation150ml.jpg"
            ],
            "ItemTitle": "Axe Bodyspray Gold Temptation 150ML",
            "ItemPrice": "4,29€",
            "ItemUnit": "28,60€/l",
            "local_image_path": "Drogerie/Körperpflege/axe_bodyspray_gold_temptation150ml.jpg"
          },
          {
            "image_urls": [
              "https://www.edeka24.de/out/pictures/generated/product/1/224_224_90/taft_haarspray_power_express_sehr_starker_halt_5_250ml.jpg"
            ],
            "ItemTitle": "Schwarzkopf Taft Power Express Haarspray Halt 5 250ML",
            "ItemPrice": "3,29€",
            "ItemUnit": "13,16€/l",
            "local_image_path": "Drogerie/Körperpflege/taft_haarspray_power_express_sehr_starker_halt_5_250ml.jpg"
          },
          {
            "image_urls": [
              "https://www.edeka24.de/out/pictures/generated/product/1/224_224_90/pantene_prov_color_protect_splung_200_ml.jpg"
            ],
            "ItemTitle": "Pantene Pro-V Color Protect Spülung 200ML",
            "ItemPrice": "3,99€",
            "ItemUnit": "19,95€/l",
            "local_image_path": "Drogerie/Körperpflege/pantene_prov_color_protect_splung_200_ml.jpg"
          },
          {
            "image_urls": [
              "https://www.edeka24.de/out/pictures/generated/product/1/224_224_90/bruno_banani_made_for_men_showergel_250ml.jpg"
            ],
            "ItemTitle": "Bruno Banani Made for Men 3in1 Duschgel 250ML",
            "ItemPrice": "3,79€",
            "ItemUnit": "15,16€/l",
            "local_image_path": "Drogerie/Körperpflege/bruno_banani_made_for_men_showergel_250ml.jpg"
          },
          {
            "image_urls": [
              "https://www.edeka24.de/out/pictures/generated/product/1/224_224_90/alpecin_aktiv_shampoo_a1_250_ml.jpg"
            ],
            "ItemTitle": "Alpecin Aktiv Shampoo A1 250ML",
            "ItemPrice": "5,99€",
            "ItemUnit": "23,96€/l",
            "local_image_path": "Drogerie/Körperpflege/alpecin_aktiv_shampoo_a1_250_ml.jpg"
          },
          {
            "image_urls": [
              "https://www.edeka24.de/out/pictures/generated/product/1/224_224_90/garnier_wahre_schamp228tze_shampoo_kokosmilchampampacadamia_famp252r_gesundes_und_famp252hlbar_geschmeidigeres_haar_250ml.jpg"
            ],
            "ItemTitle": "Garnier Wahre Schätze Pflegendes Shampoo Kokosmilch & Macadamia 250ML",
            "ItemPrice": "2,79€",
            "ItemUnit": "11,16€/l",
            "local_image_path": "Drogerie/Körperpflege/garnier_wahre_schamp228tze_shampoo_kokosmilchampampacadamia_famp252r_gesundes_und_famp252hlbar_geschmeidigeres_haar_250ml.jpg"
          },
          {
            "image_urls": [
              "https://www.edeka24.de/out/pictures/generated/product/1/224_224_90/taft_beauty_wunder_4in1_fluid_100ml.jpg"
            ],
            "ItemTitle": "Schwarzkopf Taft 4in1 Beauty Wunder Fluid 100ML",
            "ItemPrice": "4,29€",
            "ItemUnit": "42,90€/l",
            "local_image_path": "Drogerie/Körperpflege/taft_beauty_wunder_4in1_fluid_100ml.jpg"
          },
          {
            "image_urls": [
              "https://www.edeka24.de/out/pictures/generated/product/1/224_224_90/guhl_farbglanz_shampoo_color_schutzampamppflege_famp252r_coloriertesgetamp246ntes_oder_gestramp228hntes_haar_250ml.jpg"
            ],
            "ItemTitle": "Guhl Farbglanz Shampoo Color Schutz & Pflege für coloriertes,getöntes oder gesträhntes Haar 250ML",
            "ItemPrice": "4,49€",
            "ItemUnit": "17,96€/l",
            "local_image_path": "Drogerie/Körperpflege/guhl_farbglanz_shampoo_color_schutzampamppflege_famp252r_coloriertesgetamp246ntes_oder_gestramp228hntes_haar_250ml.jpg"
          },
          {
            "image_urls": [
              "https://www.edeka24.de/out/pictures/generated/product/1/224_224_90/taft_overnight_wellen_wunder_spray_150ml.jpg"
            ],
            "ItemTitle": "Schwarzkopf Taft Overnight Wellen Wunder Spray 150ML",
            "ItemPrice": "4,29€",
            "ItemUnit": "28,60€/l",
            "local_image_path": "Drogerie/Körperpflege/taft_overnight_wellen_wunder_spray_150ml.jpg"
          },
          {
            "image_urls": [
              "https://www.edeka24.de/out/pictures/generated/product/1/224_224_90/john_frieda_frizz_ease_tgliche_wunderkur_sofort_pflegespray_200_ml.jpg"
            ],
            "ItemTitle": "John Frieda Frizz Ease Tägliche Wunderkur Sofort Pflegespray 200ML",
            "ItemPrice": "8,49€",
            "ItemUnit": "42,45€/l",
            "local_image_path": "Drogerie/Körperpflege/john_frieda_frizz_ease_tgliche_wunderkur_sofort_pflegespray_200_ml.jpg"
          },
          {
            "image_urls": [
              "https://www.edeka24.de/out/pictures/generated/product/1/224_224_90/elvital_2in1_shampooampampspamp252lung_color_glanz_famp252r_coloriertes_und_getamp246ntes_oder_gestramp228hntes_haar_300ml.jpg"
            ],
            "ItemTitle": "L'Oreal Elvital Color Glanz 2in1 Farbschutz Pflege-Shampoo und Spülung 300ML",
            "ItemPrice": "4,29€",
            "ItemUnit": "14,30€/l",
            "local_image_path": "Drogerie/Körperpflege/elvital_2in1_shampooampampspamp252lung_color_glanz_famp252r_coloriertes_und_getamp246ntes_oder_gestramp228hntes_haar_300ml.jpg"
          },
          {
            "image_urls": [
              "https://www.edeka24.de/out/pictures/generated/product/1/224_224_90/elvital_spamp252lung_color_glanz_250ml.jpg"
            ],
            "ItemTitle": "L'Oreal Elvital Color Glanz Spülung 250ML",
            "ItemPrice": "4,29€",
            "ItemUnit": "17,16€/l",
            "local_image_path": "Drogerie/Körperpflege/elvital_spamp252lung_color_glanz_250ml.jpg"
          },
          {
            "image_urls": [
              "https://www.edeka24.de/out/pictures/generated/product/1/224_224_90/axe_duschgel_excite_intense_attraction_250_ml.jpg"
            ],
            "ItemTitle": "Axe Duschgel Excite Intense Attraction 250ML",
            "ItemPrice": "2,69€",
            "ItemUnit": "10,76€/l",
            "local_image_path": "Drogerie/Körperpflege/axe_duschgel_excite_intense_attraction_250_ml.jpg"
          },
          {
            "image_urls": [
              "https://www.edeka24.de/out/pictures/generated/product/1/224_224_90/edeka_elkos_body_handkonzentrat_75ml.jpg"
            ],
            "ItemTitle": "Elkos Body Handkonzentrat Sofort-Hilfe 75ML",
            "ItemPrice": "1,29€",
            "ItemUnit": "17,20€/l",
            "local_image_path": "Drogerie/Körperpflege/edeka_elkos_body_handkonzentrat_75ml.jpg"
          },
          {
            "image_urls": [
              "https://www.edeka24.de/out/pictures/generated/product/1/224_224_90/unbenannt(22).png"
            ],
            "ItemTitle": "Guhl Schaum-Tönungsfestiger 70 Mittelblond 75ML",
            "ItemPrice": "3,79€",
            "ItemUnit": "50,53€/l",
            "local_image_path": "Drogerie/Körperpflege/unbenannt(22).png"
          },
          {
            "image_urls": [
              "https://www.edeka24.de/out/pictures/generated/product/1/224_224_90/kneipp_aromapflegedusche_du_bist_wunderbar_200ml.jpg"
            ],
            "ItemTitle": "Kneipp Aroma-Pflegedusche Du bist Wunderbar 200ML",
            "ItemPrice": "3,49€",
            "ItemUnit": "17,45€/l",
            "local_image_path": "Drogerie/Körperpflege/kneipp_aromapflegedusche_du_bist_wunderbar_200ml.jpg"
          },
          {
            "image_urls": [
              "https://www.edeka24.de/out/pictures/generated/product/1/224_224_90/hidrofugal_men_spray_frischampampstark_belebender_duft_150ml.jpg"
            ],
            "ItemTitle": "Hidrofugal Men Frisch & Stark Anti-Transpirant 150ML",
            "ItemPrice": "3,79€",
            "ItemUnit": "25,27€/l",
            "local_image_path": "Drogerie/Körperpflege/hidrofugal_men_spray_frischampampstark_belebender_duft_150ml.jpg"
          },
          {
            "image_urls": [
              "https://www.edeka24.de/out/pictures/generated/product/1/224_224_90/loreal_dermo_age_perfect_antiage_tagescreme_50ml.jpg"
            ],
            "ItemTitle": "Loreal Dermo Age Perfect Anti-Age Tagescreme 50ML",
            "ItemPrice": "9,49€",
            "ItemUnit": "189,80€/l",
            "local_image_path": "Drogerie/Körperpflege/loreal_dermo_age_perfect_antiage_tagescreme_50ml.jpg"
          },
          {
            "image_urls": [
              "https://www.edeka24.de/out/pictures/generated/product/1/224_224_90/john_frieda_shampoo_brilliant_brunette_farbbrillanz_250ml.jpg"
            ],
            "ItemTitle": "John Frieda Brilliant Brunette Farbbrillanz Shampoo 250ML",
            "ItemPrice": "8,49€",
            "ItemUnit": "33,96€/l",
            "local_image_path": "Drogerie/Körperpflege/john_frieda_shampoo_brilliant_brunette_farbbrillanz_250ml.jpg"
          },
          {
            "image_urls": [
              "https://www.edeka24.de/out/pictures/generated/product/1/224_224_90/taft_haarlack_ultimate_sehr_starker_halt_250ml.jpg"
            ],
            "ItemTitle": "Schwarzkopf Taft Ultimate Haarlack Halt 5+ 250ML",
            "ItemPrice": "3,29€",
            "ItemUnit": "13,16€/l",
            "local_image_path": "Drogerie/Körperpflege/taft_haarlack_ultimate_sehr_starker_halt_250ml.jpg"
          },
          {
            "image_urls": [
              "https://www.edeka24.de/out/pictures/generated/product/1/224_224_90/panteneprov_3in1_repairampampcare_shampoo_250ml.jpg"
            ],
            "ItemTitle": "Pantene Pro-V Repair & Care 3in1 Shampoo 250ML",
            "ItemPrice": "3,99€",
            "ItemUnit": "15,96€/l",
            "local_image_path": "Wein/ Spirituosen/Spirituosen/highland_park_18_jahre_single_malt_whisky.jpg"
          },
          {
            "image_urls": [
              "https://www.edeka24.de/out/pictures/generated/product/1/224_224_90/neutrogena_bodylotion_sensitive_deep_moisture_04_ltr.jpg"
            ],
            "ItemTitle": "Neutrogena Deep Moisture Sensitive Body Lotion 400ML",
            "ItemPrice": "4,79€",
            "ItemUnit": "11,98€/l",
            "local_image_path": "Drogerie/Körperpflege/neutrogena_bodylotion_sensitive_deep_moisture_04_ltr.jpg"
          },
          {
            "image_urls": [
              "https://www.edeka24.de/out/pictures/generated/product/1/224_224_90/kneipp_aroma_pflegedusche_stressfrei_mit_orangenblten_und_mandarine_200ml.jpg"
            ],
            "ItemTitle": "Kneipp Aroma Pflegedusche Stressfrei mit Orangenblüten und Mandarine 200ML",
            "ItemPrice": "3,49€",
            "ItemUnit": "17,45€/l",
            "local_image_path": "Wein/ Spirituosen/Spirituosen/highland_park_18_jahre_single_malt_whisky.jpg"
          },
          {
            "image_urls": [
              "https://www.edeka24.de/out/pictures/generated/product/1/224_224_90/niveafreshaf.jpg"
            ],
            "ItemTitle": "Nivea Men Fresh Anti-Fett Shampoo 250ML",
            "ItemPrice": "2,99€",
            "ItemUnit": "11,96€/l",
            "local_image_path": "Drogerie/Körperpflege/niveafreshaf.jpg"
          },
          {
            "image_urls": [
              "https://www.edeka24.de/out/pictures/generated/product/1/224_224_90/axeblack.jpg"
            ],
            "ItemTitle": "Axe Duschgel Black Fresh Charge 250ML",
            "ItemPrice": "2,69€",
            "ItemUnit": "10,76€/l",
            "local_image_path": "Drogerie/Körperpflege/axeblack.jpg"
          },
          {
            "image_urls": [
              "https://www.edeka24.de/out/pictures/generated/product/1/224_224_90/tiger_balm_weiss_194g.jpg"
            ],
            "ItemTitle": "Tiger Balm weiss 19,4G",
            "ItemPrice": "8,49€",
            "ItemUnit": "437,63€/kg",
            "local_image_path": "Drogerie/Erkältung/tiger_balm_weiss_194g.jpg"
          },
          {
            "image_urls": [
              "https://www.edeka24.de/out/pictures/generated/product/1/224_224_90/listerinecoolmintmild.jpg"
            ],
            "ItemTitle": "Listerine Cool Mint Milder Geschmack Mundspülung 600ML",
            "ItemPrice": "4,29€",
            "ItemUnit": "7,15€/l",
            "local_image_path": "Drogerie/Körperpflege/listerinecoolmintmild.jpg"
          },
          {
            "image_urls": [
              "https://www.edeka24.de/out/pictures/generated/product/1/224_224_90/schaebens_augenampamplippen_maske_4x15ml.jpg"
            ],
            "ItemTitle": "Schaebens Augen & Lippen Maske 4x 1,5ML",
            "ItemPrice": "0,79€",
            "ItemUnit": "",
            "local_image_path": "Drogerie/Körperpflege/schaebens_augenampamplippen_maske_4x15ml.jpg"
          },
          {
            "image_urls": [
              "https://www.edeka24.de/out/pictures/generated/product/1/224_224_90/nature_box_erfrischendes_duschgel_avocado_385ml.jpg"
            ],
            "ItemTitle": "Nature Box Pflegendes Duschgel Avocadoduft 385ML",
            "ItemPrice": "3,79€",
            "ItemUnit": "9,84€/l",
            "local_image_path": "Drogerie/Körperpflege/nature_box_erfrischendes_duschgel_avocado_385ml.jpg"
          },
          {
            "image_urls": [
              "https://www.edeka24.de/out/pictures/generated/product/1/224_224_90/schauma_7_kramp228uter_shampoo_400ml.jpg"
            ],
            "ItemTitle": "Schwarzkopf Schauma 7 Kräuter Shampoo 400ML",
            "ItemPrice": "2,29€",
            "ItemUnit": "5,73€/l",
            "local_image_path": "Drogerie/Körperpflege/schauma_7_kramp228uter_shampoo_400ml.jpg"
          },
          {
            "image_urls": [
              "https://www.edeka24.de/out/pictures/generated/product/1/224_224_90/elvital_shampoo_amp214l_magique_coco_aus_erlesenemkokosamp214l_famp252r_normales_bis_trockenes_haar_300ml.jpg"
            ],
            "ItemTitle": "L'Oreal Elvital Öl Magique Coco Schwereloses Pflegeshampoo 300ML",
            "ItemPrice": "4,29€",
            "ItemUnit": "14,30€/l",
            "local_image_path": "Drogerie/Körperpflege/elvital_shampoo_amp214l_magique_coco_aus_erlesenemkokosamp214l_famp252r_normales_bis_trockenes_haar_300ml.jpg"
          },
          {
            "image_urls": [
              "https://www.edeka24.de/out/pictures/generated/product/1/224_224_90/john_frieda_frizz_ease_traumlocken_shampoo_250_ml.jpg"
            ],
            "ItemTitle": "John Frieda Frizz Ease Traumlocken Shampoo 250ML",
            "ItemPrice": "8,49€",
            "ItemUnit": "33,96€/l",
            "local_image_path": "Drogerie/Körperpflege/john_frieda_frizz_ease_traumlocken_shampoo_250_ml.jpg"
          },
          {
            "image_urls": [
              "https://www.edeka24.de/out/pictures/generated/product/1/224_224_90/got2b_kleber_spiking_wax_halt_6_75ml.jpg"
            ],
            "ItemTitle": "Schwarzkopf got2b Kleber Spiking Wax für krassen Halt 75ML",
            "ItemPrice": "6,49€",
            "ItemUnit": "86,53€/l",
            "local_image_path": "Drogerie/Körperpflege/got2b_kleber_spiking_wax_halt_6_75ml.jpg"
          },
          {
            "image_urls": [
              "https://www.edeka24.de/out/pictures/generated/product/1/224_224_90/fa_kids_duschgelampampshampoo_wilder_meeresduft_250ml.jpg"
            ],
            "ItemTitle": "Fa Kids Duschgel & Shampoo Fantastische Piratenwelt Wilder Meeresduft 250ML",
            "ItemPrice": "1,59€",
            "ItemUnit": "6,36€/l",
            "local_image_path": "Drogerie/Körperpflege/fa_kids_duschgelampampshampoo_wilder_meeresduft_250ml.jpg"
          },
          {
            "image_urls": [
              "https://www.edeka24.de/out/pictures/generated/product/1/224_224_90/taft_haarspray_volumen_mittlerer_halt_3_trockenes_haar_250ml.jpg"
            ],
            "ItemTitle": "Schwarzkopf Taft Volumen Haarspray Halt 3 250ML",
            "ItemPrice": "3,29€",
            "ItemUnit": "13,16€/l",
            "local_image_path": "Drogerie/Körperpflege/taft_haarspray_volumen_mittlerer_halt_3_trockenes_haar_250ml.jpg"
          },
          {
            "image_urls": [
              "https://www.edeka24.de/out/pictures/generated/product/1/224_224_90/loreal_men_power_age_antiageing_gesichtscreme_50ml.jpg"
            ],
            "ItemTitle": "L'Oreal Men Expert Power Age Revitalisierende 24H Feuchtigkeitspflege 50ML",
            "ItemPrice": "12,99€",
            "ItemUnit": "259,80€/l",
            "local_image_path": "Wein/ Spirituosen/Spirituosen/highland_park_18_jahre_single_malt_whisky.jpg"
          },
          {
            "image_urls": [
              "https://www.edeka24.de/out/pictures/generated/product/1/224_224_90/gilette_king_c_gillette_beard_amp_face_wash_350ml.jpg"
            ],
            "ItemTitle": "Gilette King C. Gillette Beard & Face Wash 350ML",
            "ItemPrice": "10,99€",
            "ItemUnit": "31,40€/l",
            "local_image_path": "Wein/ Spirituosen/Spirituosen/highland_park_18_jahre_single_malt_whisky.jpg"
          },
          {
            "image_urls": [
              "https://www.edeka24.de/out/pictures/generated/product/1/224_224_90/taft_gel_ultra_styling_starker_halt_5_150ml.jpg"
            ],
            "ItemTitle": "Schwarzkopf Taft Ultra Styling Gel Halt 4 150ML",
            "ItemPrice": "3,29€",
            "ItemUnit": "21,93€/l",
            "local_image_path": "Wein/ Spirituosen/Spirituosen/highland_park_18_jahre_single_malt_whisky.jpg"
          },
          {
            "image_urls": [
              "https://www.edeka24.de/out/pictures/generated/product/1/224_224_90/seborinhairtonic.jpg"
            ],
            "ItemTitle": "Schwarzkopf Seborin Hair Tonic 300ML",
            "ItemPrice": "4,29€",
            "ItemUnit": "14,30€/l",
            "local_image_path": "Wein/ Spirituosen/Spirituosen/highland_park_18_jahre_single_malt_whisky.jpg"
          },
          {
            "image_urls": [
              "https://www.edeka24.de/out/pictures/generated/product/1/224_224_90/headampampshoulders_antischuppen_shampoo_citrus_fresh_500ml.jpg"
            ],
            "ItemTitle": "Head & Shoulders Anti-Schuppen Shampoo Citrus Fresh 500ML",
            "ItemPrice": "6,99€",
            "ItemUnit": "13,98€/l",
            "local_image_path": "Wein/ Spirituosen/Spirituosen/highland_park_18_jahre_single_malt_whisky.jpg"
          },
          {
            "image_urls": [
              "https://www.edeka24.de/out/pictures/generated/product/1/224_224_90/doveverwpflbl.jpg"
            ],
            "ItemTitle": "Dove Body Love verwöhnende Pflege Body Lotion 400ML",
            "ItemPrice": "4,29€",
            "ItemUnit": "10,73€/l",
            "local_image_path": "Wein/ Spirituosen/Spirituosen/highland_park_18_jahre_single_malt_whisky.jpg"
          },
          {
            "image_urls": [
              "https://www.edeka24.de/out/pictures/generated/product/1/224_224_90/john_frieda_frizz_ease_wunderreparature_shampoo_250ml.jpg"
            ],
            "ItemTitle": "John Frieda Frizz Ease Wunder-Reparature Shampoo 250ML",
            "ItemPrice": "8,49€",
            "ItemUnit": "33,96€/l",
            "local_image_path": "Wein/ Spirituosen/Spirituosen/highland_park_18_jahre_single_malt_whisky.jpg"
          },
          {
            "image_urls": [
              "https://www.edeka24.de/out/pictures/generated/product/1/224_224_90/schaebens_peeloff_maske_15ml.jpg"
            ],
            "ItemTitle": "Schaebens Peel-Off Maske 15ML",
            "ItemPrice": "0,79€",
            "ItemUnit": "52,67€/l",
            "local_image_path": "Wein/ Spirituosen/Spirituosen/highland_park_18_jahre_single_malt_whisky.jpg"
          },
          {
            "image_urls": [
              "https://www.edeka24.de/out/pictures/generated/product/1/224_224_90/headampampshoulders_antischuppen_7in1_ultra_cooling_shampoo_250ml.jpg"
            ],
            "ItemTitle": "Head & Shoulders Anti-Schuppen 7in1 Ultra Cooling Shampoo 250ML",
            "ItemPrice": "5,49€",
            "ItemUnit": "21,96€/l",
            "local_image_path": "Wein/ Spirituosen/Spirituosen/highland_park_18_jahre_single_malt_whisky.jpg"
          },
          {
            "image_urls": [
              "https://www.edeka24.de/out/pictures/generated/product/1/224_224_90/nivea_soft_creme_erfrischende_feuchtigkeitscreme_375ml.jpg"
            ],
            "ItemTitle": "Nivea Soft Creme 375ML",
            "ItemPrice": "5,99€",
            "ItemUnit": "15,97€/l",
            "local_image_path": "Wein/ Spirituosen/Spirituosen/highland_park_18_jahre_single_malt_whisky.jpg"
          },
          {
            "image_urls": [
              "https://www.edeka24.de/out/pictures/generated/product/1/224_224_90/sensodynesanftwei.jpg"
            ],
            "ItemTitle": "Sensodyne Zahncreme Sanftweiß 75ML",
            "ItemPrice": "3,99€",
            "ItemUnit": "53,20€/l",
            "local_image_path": "Wein/ Spirituosen/Spirituosen/highland_park_18_jahre_single_malt_whisky.jpg"
          },
          {
            "image_urls": [
              "https://www.edeka24.de/out/pictures/generated/product/1/224_224_90/kneippduschtonic2in1.jpg"
            ],
            "ItemTitle": "Kneipp 2 in 1 Duschtonic Blauer Eukalyptus & Zypresse 200ML",
            "ItemPrice": "3,49€",
            "ItemUnit": "17,45€/l",
            "local_image_path": "Wein/ Spirituosen/Spirituosen/highland_park_18_jahre_single_malt_whisky.jpg"
          },
          {
            "image_urls": [
              "https://www.edeka24.de/out/pictures/generated/product/1/224_224_90/elvitspuelung_oel_magiq250ml.jpg"
            ],
            "ItemTitle": "L'Oreal Elvital Öl Magique Nährpflege Spülung 250ML",
            "ItemPrice": "4,29€",
            "ItemUnit": "17,16€/l",
            "local_image_path": "Wein/ Spirituosen/Spirituosen/highland_park_18_jahre_single_malt_whisky.jpg"
          },
          {
            "image_urls": [
              "https://www.edeka24.de/out/pictures/generated/product/1/224_224_90/neutrohydro.jpg"
            ],
            "ItemTitle": "Neutrogena Hydro Boost Body Lotion Gel 400ML",
            "ItemPrice": "5,49€",
            "ItemUnit": "13,73€/l",
            "local_image_path": "Wein/ Spirituosen/Spirituosen/highland_park_18_jahre_single_malt_whisky.jpg"
          },
          {
            "image_urls": [
              "https://www.edeka24.de/out/pictures/generated/product/1/224_224_90/blaue_helden_handseife_aloe_vera_nachfllpack_20ml.jpg"
            ],
            "ItemTitle": "Blaue Helden Handseife Aloe Vera Nachfüllpack 20ML",
            "ItemPrice": "2,49€",
            "ItemUnit": "124,50€/l",
            "local_image_path": "Wein/ Spirituosen/Spirituosen/highland_park_18_jahre_single_malt_whisky.jpg"
          },
          {
            "image_urls": [
              "https://www.edeka24.de/out/pictures/generated/product/1/224_224_90/niveatrockenshampoomittlerrehaartne.jpg"
            ],
            "ItemTitle": "Nivea Fresh & Mild Trockenshampoo mittlere Haartöne 200ML",
            "ItemPrice": "4,99€",
            "ItemUnit": "24,95€/l",
            "local_image_path": "Wein/ Spirituosen/Spirituosen/highland_park_18_jahre_single_malt_whisky.jpg"
          },
          {
            "image_urls": [
              "https://www.edeka24.de/out/pictures/generated/product/1/224_224_90/adidasasdg.jpg"
            ],
            "ItemTitle": "Adidas After Sport Duschgel 3in1 250ML",
            "ItemPrice": "2,99€",
            "ItemUnit": "11,96€/l",
            "local_image_path": "Wein/ Spirituosen/Spirituosen/highland_park_18_jahre_single_malt_whisky.jpg"
          },
          {
            "image_urls": [
              "https://www.edeka24.de/out/pictures/generated/product/1/224_224_90/neutrogena_bodybalsam_intense_repair_250_ml.jpg"
            ],
            "ItemTitle": "Neutrogena Bodybalsam Intense Repair 250 ML",
            "ItemPrice": "5,49€",
            "ItemUnit": "21,96€/l",
            "local_image_path": "Wein/ Spirituosen/Spirituosen/highland_park_18_jahre_single_malt_whisky.jpg"
          },
          {
            "image_urls": [
              "https://www.edeka24.de/out/pictures/generated/product/1/224_224_90/kneipparnikaaktivdose.jpg"
            ],
            "ItemTitle": "Kneipp Badekristalle Arnika Aktiv 600G",
            "ItemPrice": "6,99€",
            "ItemUnit": "11,65€/kg",
            "local_image_path": "Wein/ Spirituosen/Spirituosen/highland_park_18_jahre_single_malt_whisky.jpg"
          },
          {
            "image_urls": [
              "https://www.edeka24.de/out/pictures/generated/product/1/224_224_90/weleda_vitality_vitalisierungsdusche_sanddorn_200ml.jpg"
            ],
            "ItemTitle": "Weleda Vitalisierungsdusche Vitality Sanddorn 200ML",
            "ItemPrice": "7,49€",
            "ItemUnit": "37,45€/l",
            "local_image_path": "Wein/ Spirituosen/Spirituosen/highland_park_18_jahre_single_malt_whisky.jpg"
          },
          {
            "image_urls": [
              "https://www.edeka24.de/out/pictures/generated/product/1/224_224_90/taft_matt_styling_wax_halt_5glanz_75ml.jpg"
            ],
            "ItemTitle": "Schwarzkopf Taft Matt Styling Wax Halt 5 75ML",
            "ItemPrice": "3,29€",
            "ItemUnit": "43,87€/l",
            "local_image_path": "Wein/ Spirituosen/Spirituosen/highland_park_18_jahre_single_malt_whisky.jpg"
          },
          {
            "image_urls": [
              "https://www.edeka24.de/out/pictures/generated/product/1/224_224_90/elmexjunior.jpg"
            ],
            "ItemTitle": "Elmex Zahncreme Junior mit Aminfluorid 75ML",
            "ItemPrice": "4,29€",
            "ItemUnit": "57,20€/l",
            "local_image_path": "Drogerie/Baby & Kleinkind/elmexjunior.jpg"
          },
          {
            "image_urls": [
              "https://www.edeka24.de/out/pictures/generated/product/1/224_224_90/sebamed_dusche_frisch_400ml.jpg"
            ],
            "ItemTitle": "Sebamed Frische Dusche 400ML",
            "ItemPrice": "5,49€",
            "ItemUnit": "13,73€/l",
            "local_image_path": "Wein/ Spirituosen/Spirituosen/highland_park_18_jahre_single_malt_whisky.jpg"
          },
          {
            "image_urls": [
              "https://www.edeka24.de/out/pictures/generated/product/1/224_224_90/john_frieda_maske_violet_crush_silber_250ml.jpg"
            ],
            "ItemTitle": "John Frieda Violet Crush Silber Maske 250ML",
            "ItemPrice": "8,49€",
            "ItemUnit": "33,96€/l",
            "local_image_path": "Wein/ Spirituosen/Spirituosen/highland_park_18_jahre_single_malt_whisky.jpg"
          },
          {
            "image_urls": [
              "https://www.edeka24.de/out/pictures/generated/product/1/224_224_90/dr_wolff_plantur_39_coffeinshampoo_250_ml.jpg"
            ],
            "ItemTitle": "Dr. Wolff Plantur 39 Coffein-Shampoo 250 ML",
            "ItemPrice": "9,99€",
            "ItemUnit": "39,96€/l",
            "local_image_path": "Wein/ Spirituosen/Spirituosen/highland_park_18_jahre_single_malt_whisky.jpg"
          },
          {
            "image_urls": [
              "https://www.edeka24.de/out/pictures/generated/product/1/224_224_90/elvital_spamp252lung_tonerde_absolue_famp252r_fettigen_ansatz_und_trockene_spitzen_250ml.jpg"
            ],
            "ItemTitle": "L'Oreal Elvital Tonerde Absolue Klärende Pflegespülung 250ML",
            "ItemPrice": "4,29€",
            "ItemUnit": "17,16€/l",
            "local_image_path": "Wein/ Spirituosen/Spirituosen/highland_park_18_jahre_single_malt_whisky.jpg"
          },
          {
            "image_urls": [
              "https://www.edeka24.de/out/pictures/generated/product/1/224_224_90/adidasacstdg.jpg"
            ],
            "ItemTitle": "Adidas Active Start Duschgel 3in1 250ML",
            "ItemPrice": "2,99€",
            "ItemUnit": "11,96€/l",
            "local_image_path": "Wein/ Spirituosen/Spirituosen/highland_park_18_jahre_single_malt_whisky.jpg"
          },
          {
            "image_urls": [
              "https://www.edeka24.de/out/pictures/generated/product/1/224_224_90/tabaluga_sonnen_rollon_kids_lsf_50_50ml.jpg"
            ],
            "ItemTitle": "Tabaluga Sonnen-Roller für Kinder LSF 50+ 50ML",
            "ItemPrice": "4,29€",
            "ItemUnit": "85,80€/l",
            "local_image_path": "Wein/ Spirituosen/Spirituosen/highland_park_18_jahre_single_malt_whisky.jpg"
          },
          {
            "image_urls": [
              "https://www.edeka24.de/out/pictures/generated/product/1/224_224_90/john_frieda_deep_sea_hydration_shampoo_250ml.jpg"
            ],
            "ItemTitle": "John Frieda Deep Sea Hydration Feuchtigkeits-Shampoo 250ML",
            "ItemPrice": "8,49€",
            "ItemUnit": "33,96€/l",
            "local_image_path": "Wein/ Spirituosen/Spirituosen/highland_park_18_jahre_single_malt_whisky.jpg"
          },
          {
            "image_urls": [
              "https://www.edeka24.de/out/pictures/generated/product/1/224_224_90/john_frieda_deep_cleanseampamprepair_shampoo_250ml.jpg"
            ],
            "ItemTitle": "John Frieda Deep Cleanse & Repair Shampoo 250ML",
            "ItemPrice": "8,49€",
            "ItemUnit": "33,96€/l",
            "local_image_path": "Wein/ Spirituosen/Spirituosen/highland_park_18_jahre_single_malt_whisky.jpg"
          },
          {
            "image_urls": [
              "https://www.edeka24.de/out/pictures/generated/product/1/224_224_90/kneippgutenmorgen.jpg"
            ],
            "ItemTitle": "Kneipp Aroma-Pflegedusche Guten Morgen 200ML",
            "ItemPrice": "3,49€",
            "ItemUnit": "17,45€/l",
            "local_image_path": "Wein/ Spirituosen/Spirituosen/highland_park_18_jahre_single_malt_whisky.jpg"
          },
          {
            "image_urls": [
              "https://www.edeka24.de/out/pictures/generated/product/1/224_224_90/niveatrockenshampoohellehaartne.jpg"
            ],
            "ItemTitle": "Nivea Fresh & Mild Trockenshampoo helle Haartöne 200ML",
            "ItemPrice": "4,99€",
            "ItemUnit": "24,95€/l",
            "local_image_path": "Wein/ Spirituosen/Spirituosen/highland_park_18_jahre_single_malt_whisky.jpg"
          },
          {
            "image_urls": [
              "https://www.edeka24.de/out/pictures/generated/product/1/224_224_90/syoss_hsp_strong_hold_st400ml.jpg"
            ],
            "ItemTitle": "Syoss Haarspray Strong Hold stark Haltegrad 3 400ML",
            "ItemPrice": "5,49€",
            "ItemUnit": "13,73€/l",
            "local_image_path": "Drogerie/Körperpflege/syoss_hsp_strong_hold_st400ml.jpg"
          },
          {
            "image_urls": [
              "https://www.edeka24.de/out/pictures/generated/product/1/224_224_90/neutrogena_norwegische_formel_kamp246rperlotion_deep_moisture_400ml.jpg"
            ],
            "ItemTitle": "Neutrogena Deep Moisture Sofort Einziehende Bodylotion 400ML",
            "ItemPrice": "4,79€",
            "ItemUnit": "11,98€/l",
            "local_image_path": "Drogerie/Körperpflege/neutrogena_norwegische_formel_kamp246rperlotion_deep_moisture_400ml.jpg"
          },
          {
            "image_urls": [
              "https://www.edeka24.de/out/pictures/generated/product/1/224_224_90/lavera_reenergizing_sleeping_cream_50ml.jpg"
            ],
            "ItemTitle": "lavera Naturkosmetik Re-Energizing Sleeping Cream 50ML",
            "ItemPrice": "12,99€",
            "ItemUnit": "259,80€/l",
            "local_image_path": "Drogerie/Körperpflege/lavera_reenergizing_sleeping_cream_50ml.jpg"
          },
          {
            "image_urls": [
              "https://www.edeka24.de/out/pictures/generated/product/1/224_224_90/l039oreal_elvital_energie_pflegeshampoo_03_ltr.jpg"
            ],
            "ItemTitle": "L'Oreal Elvital Energie Reinigendes Shampoo 300ML",
            "ItemPrice": "4,29€",
            "ItemUnit": "14,30€/l",
            "local_image_path": "Drogerie/Körperpflege/l039oreal_elvital_energie_pflegeshampoo_03_ltr.jpg"
          },
          {
            "image_urls": [
              "https://www.edeka24.de/out/pictures/generated/product/1/224_224_90/loreal_dermo_revitalift_laser_x3_serum_30ml.jpg"
            ],
            "ItemTitle": "Loreal Dermo Revitalift Laser X3 Serum 30ML",
            "ItemPrice": "16,49€",
            "ItemUnit": "549,67€/l",
            "local_image_path": "Drogerie/Körperpflege/loreal_dermo_revitalift_laser_x3_serum_30ml.jpg"
          },
          {
            "image_urls": [
              "https://www.edeka24.de/out/pictures/generated/product/1/224_224_90/axebsgcb.jpg"
            ],
            "ItemTitle": "Axe Duschgel Magnum Gold Caramel Billionaire 250ML",
            "ItemPrice": "2,69€",
            "ItemUnit": "10,76€/l",
            "local_image_path": "Drogerie/Körperpflege/axebsgcb.jpg"
          },
          {
            "image_urls": [
              "https://www.edeka24.de/out/pictures/generated/product/1/224_224_90/l039oreal_elvital_fibralogy_haarflleaufbau_shampoo_03_ltr.jpg"
            ],
            "ItemTitle": "L'Oreal Elvital Fibralogy Kräftigendes Aufbau-Shampoo 300ML",
            "ItemPrice": "4,29€",
            "ItemUnit": "14,30€/l",
            "local_image_path": "Drogerie/Körperpflege/l039oreal_elvital_fibralogy_haarflleaufbau_shampoo_03_ltr.jpg"
          },
          {
            "image_urls": [
              "https://www.edeka24.de/out/pictures/generated/product/1/224_224_90/syoss_tiefenspamp252lung_renew_7_250ml.jpg"
            ],
            "ItemTitle": "Syoss Renew 7 Tiefenspülung 250ML",
            "ItemPrice": "3,29€",
            "ItemUnit": "13,16€/l",
            "local_image_path": "Drogerie/Körperpflege/syoss_tiefenspamp252lung_renew_7_250ml.jpg"
          },
          {
            "image_urls": [
              "https://www.edeka24.de/out/pictures/generated/product/1/224_224_90/bbarty_van_bathampampshgel_500ml.jpg"
            ],
            "ItemTitle": "Bettina Barty Bath & Shower Gel Vanilla 0,5L",
            "ItemPrice": "5,49€",
            "ItemUnit": "10,98€/l",
            "local_image_path": "Drogerie/Körperpflege/bbarty_van_bathampampshgel_500ml.jpg"
          },
          {
            "image_urls": [
              "https://www.edeka24.de/out/pictures/generated/product/1/224_224_90/kneipptiefenentspannung.jpg"
            ],
            "ItemTitle": "Kneipp Bade-Essenz Tiefenentspannung 100ML",
            "ItemPrice": "5,49€",
            "ItemUnit": "54,90€/l",
            "local_image_path": "Drogerie/Körperpflege/kneipptiefenentspannung.jpg"
          },
          {
            "image_urls": [
              "https://www.edeka24.de/out/pictures/generated/product/1/224_224_90/dove-mencare-invisible-dry.jpg"
            ],
            "ItemTitle": "Dove Men + Care Deodorant Roll-On Invisible Dry 50 ml",
            "ItemPrice": "2,69€",
            "ItemUnit": "53,80€/l",
            "local_image_path": "Drogerie/Körperpflege/dove-mencare-invisible-dry.jpg"
          },
          {
            "image_urls": [
              "https://www.edeka24.de/out/pictures/generated/product/1/224_224_90/taft_hitzeschutzspray_250ml.jpg"
            ],
            "ItemTitle": "Schwarzkopf Taft Hitzeschutz-Spray 250ML",
            "ItemPrice": "4,29€",
            "ItemUnit": "17,16€/l",
            "local_image_path": "Drogerie/Körperpflege/taft_hitzeschutzspray_250ml.jpg"
          },
          {
            "image_urls": [
              "https://www.edeka24.de/out/pictures/generated/product/1/224_224_90/hidrofugal_men_rollon_frischampampstark_erfrischender_duft_50ml.jpg"
            ],
            "ItemTitle": "Hidrofugal Men Roll-on Frisch & Stark Anti-Transpirant 50ML",
            "ItemPrice": "3,79€",
            "ItemUnit": "75,80€/l",
            "local_image_path": "Drogerie/Körperpflege/hidrofugal_men_rollon_frischampampstark_erfrischender_duft_50ml.jpg"
          },
          {
            "image_urls": [
              "https://www.edeka24.de/out/pictures/generated/product/1/224_224_90/nivea_hautstraffende_body_milk_q10_energy_400ml.jpg"
            ],
            "ItemTitle": "Nivea Hautstraffende Body Milk Q10 Energy 400ML",
            "ItemPrice": "8,49€",
            "ItemUnit": "21,23€/l",
            "local_image_path": "Drogerie/Körperpflege/nivea_hautstraffende_body_milk_q10_energy_400ml.jpg"
          },
          {
            "image_urls": [
              "https://www.edeka24.de/out/pictures/generated/product/1/224_224_90/weleda_24h_deo_rollon_granatapfel_50ml.jpg"
            ],
            "ItemTitle": "Weleda 24h Deo Roll-On Granatapfel 50ML",
            "ItemPrice": "7,49€",
            "ItemUnit": "149,80€/l",
            "local_image_path": "Drogerie/Körperpflege/weleda_24h_deo_rollon_granatapfel_50ml.jpg"
          },
          {
            "image_urls": [
              "https://www.edeka24.de/out/pictures/generated/product/1/224_224_90/rexona_maximum_protection_antitranspirant_creme_clean_scent_45_ml.jpg"
            ],
            "ItemTitle": "Rexona Maximum Protection Anti-Transpirant Creme Clean Scent 45ML",
            "ItemPrice": "5,49€",
            "ItemUnit": "122,00€/l",
            "local_image_path": "Drogerie/Körperpflege/rexona_maximum_protection_antitranspirant_creme_clean_scent_45_ml.jpg"
          },
          {
            "image_urls": [
              "https://www.edeka24.de/out/pictures/generated/product/1/224_224_90/alpecintuningshampoo.jpg"
            ],
            "ItemTitle": "Alpecin Tuning-Shampoo 200ML",
            "ItemPrice": "8,49€",
            "ItemUnit": "42,45€/l",
            "local_image_path": "Drogerie/Körperpflege/alpecintuningshampoo.jpg"
          },
          {
            "image_urls": [
              "https://www.edeka24.de/out/pictures/generated/product/1/224_224_90/niveatrockenshampoobraun.jpg"
            ],
            "ItemTitle": "Nivea Fresh & Mild Trockenshampoo dunkle Haartöne 200ML",
            "ItemPrice": "4,99€",
            "ItemUnit": "24,95€/l",
            "local_image_path": "Drogerie/Körperpflege/niveatrockenshampoobraun.jpg"
          },
          {
            "image_urls": [
              "https://www.edeka24.de/out/pictures/generated/product/1/224_224_90/elvital_shampcolglanz_300ml.jpg"
            ],
            "ItemTitle": "L'Oreal Elvital Color-Glanz Shampoo 300ML",
            "ItemPrice": "4,29€",
            "ItemUnit": "14,30€/l",
            "local_image_path": "Drogerie/Körperpflege/elvital_shampcolglanz_300ml.jpg"
          },
          {
            "image_urls": [
              "https://www.edeka24.de/out/pictures/generated/product/1/224_224_90/nivearosenbltebl.jpg"
            ],
            "ItemTitle": "Nivea Body Lotion Rosenblüte Tiefenpflege Serum Arganöl 48h 400ML",
            "ItemPrice": "5,49€",
            "ItemUnit": "13,73€/l",
            "local_image_path": "Drogerie/Körperpflege/nivearosenbltebl.jpg"
          },
          {
            "image_urls": [
              "https://www.edeka24.de/out/pictures/generated/product/1/224_224_90/jffetraumgltte.jpg"
            ],
            "ItemTitle": "John Frieda Frizz Ease Traumglätte Shampoo 250ML",
            "ItemPrice": "8,49€",
            "ItemUnit": "33,96€/l",
            "local_image_path": "Drogerie/Körperpflege/jffetraumgltte.jpg"
          },
          {
            "image_urls": [
              "https://www.edeka24.de/out/pictures/generated/product/1/224_224_90/cd_feuchtigkeitsdusche_wasserlilie_250ml.jpg"
            ],
            "ItemTitle": "CD Feuchtigkeitsdusche Wasserlilie 250ML",
            "ItemPrice": "1,89€",
            "ItemUnit": "7,56€/l",
            "local_image_path": "Drogerie/Körperpflege/cd_feuchtigkeitsdusche_wasserlilie_250ml.jpg"
          },
          {
            "image_urls": [
              "https://www.edeka24.de/out/pictures/generated/product/1/224_224_90/axe_deo_bodyspray_epic_fresh_150ml.jpg"
            ],
            "ItemTitle": "Axe Bodyspray Epic Fresh 150ML",
            "ItemPrice": "4,29€",
            "ItemUnit": "28,60€/l",
            "local_image_path": "Drogerie/Körperpflege/axe_deo_bodyspray_epic_fresh_150ml.jpg"
          },
          {
            "image_urls": [
              "https://www.edeka24.de/out/pictures/generated/product/1/224_224_90/john_frieda_hydrate_amp_recharge_shampoo_250ml.jpg"
            ],
            "ItemTitle": "John Frieda Hydrate & Recharge Shampoo 250ML",
            "ItemPrice": "7,99€",
            "ItemUnit": "31,96€/l",
            "local_image_path": "Drogerie/Körperpflege/john_frieda_hydrate_amp_recharge_shampoo_250ml.jpg"
          },
          {
            "image_urls": [
              "https://www.edeka24.de/out/pictures/generated/product/1/224_224_90/taft_haarlack_ultra_starker_halt_4_250ml.jpg"
            ],
            "ItemTitle": "Schwarzkopf Taft Ultra Haarlack Halt 4 250ML",
            "ItemPrice": "3,29€",
            "ItemUnit": "13,16€/l",
            "local_image_path": "Drogerie/Körperpflege/taft_haarlack_ultra_starker_halt_4_250ml.jpg"
          },
          {
            "image_urls": [
              "https://www.edeka24.de/out/pictures/generated/product/1/224_224_90/kneipp_men_2in1_dusche_sport_200ml.jpg"
            ],
            "ItemTitle": "Kneipp Men 2in1 Dusche Sport 200ML",
            "ItemPrice": "3,49€",
            "ItemUnit": "17,45€/l",
            "local_image_path": "Drogerie/Körperpflege/kneipp_men_2in1_dusche_sport_200ml.jpg"
          },
          {
            "image_urls": [
              "https://www.edeka24.de/out/pictures/generated/product/1/224_224_90/weleda_refresh_citrus_erfrischungsdusche_200ml.jpg"
            ],
            "ItemTitle": "Weleda Refresh Citrus Erfrischungsdusche 200ML",
            "ItemPrice": "7,49€",
            "ItemUnit": "37,45€/l",
            "local_image_path": "Drogerie/Körperpflege/weleda_refresh_citrus_erfrischungsdusche_200ml.jpg"
          },
          {
            "image_urls": [
              "https://www.edeka24.de/out/pictures/generated/product/1/224_224_90/edeka_elkos_trockenshampoo_blond_200ml.jpg"
            ],
            "ItemTitle": "EDEKA elkos Trockenshampoo Blond 200ML",
            "ItemPrice": "2,29€",
            "ItemUnit": "11,45€/l",
            "local_image_path": "Drogerie/Körperpflege/edeka_elkos_trockenshampoo_blond_200ml.jpg"
          },
          {
            "image_urls": [
              "https://www.edeka24.de/out/pictures/generated/product/1/224_224_90/garnierfructiskraftglanzshampoo.jpg"
            ],
            "ItemTitle": "Garnier Fructis Kraft & Glanz kräftigendes Shampoo 250ML",
            "ItemPrice": "2,99€",
            "ItemUnit": "11,96€/l",
            "local_image_path": "Drogerie/Körperpflege/garnierfructiskraftglanzshampoo.jpg"
          },
          {
            "image_urls": [
              "https://www.edeka24.de/out/pictures/generated/product/1/224_224_90/john_frieda_profiller_kramp228ftigendes_shampoo_250ml.jpg"
            ],
            "ItemTitle": "John Frieda PROFiller+ Kräftigendes Shampoo 250ML",
            "ItemPrice": "8,49€",
            "ItemUnit": "33,96€/l",
            "local_image_path": "Drogerie/Körperpflege/john_frieda_profiller_kramp228ftigendes_shampoo_250ml.jpg"
          },
          {
            "image_urls": [
              "https://www.edeka24.de/out/pictures/generated/product/1/224_224_90/gard_styling_gel_business_150ml.jpg"
            ],
            "ItemTitle": "Gard Styling Gel Business sehr stark 150ML",
            "ItemPrice": "2,79€",
            "ItemUnit": "18,60€/l",
            "local_image_path": "Drogerie/Körperpflege/gard_styling_gel_business_150ml.jpg"
          },
          {
            "image_urls": [
              "https://www.edeka24.de/out/pictures/generated/product/1/224_224_90/taft_gel_power_super_kleber_sehr_starker_halt_14_150ml.jpg"
            ],
            "ItemTitle": "Schwarzkopf Taft Super Kleber Styling Gel Halt 14 150ML",
            "ItemPrice": "3,29€",
            "ItemUnit": "21,93€/l",
            "local_image_path": "Drogerie/Körperpflege/taft_gel_power_super_kleber_sehr_starker_halt_14_150ml.jpg"
          },
          {
            "image_urls": [
              "https://www.edeka24.de/out/pictures/generated/product/1/224_224_90/salthouse_totes_meer_shampoo_antischuppen_250ml.jpg"
            ],
            "ItemTitle": "Salthouse Totes Meer Anti-Schuppen Shampoo 250ML",
            "ItemPrice": "4,29€",
            "ItemUnit": "17,16€/l",
            "local_image_path": "Drogerie/Körperpflege/salthouse_totes_meer_shampoo_antischuppen_250ml.jpg"
          },
          {
            "image_urls": [
              "https://www.edeka24.de/out/pictures/generated/product/1/224_224_90/kneipp_aromapflegedusche_sei_frei_verrckt_amp_glcklich_200_ml.jpg"
            ],
            "ItemTitle": "Kneipp Aroma-Pflegedusche Sei frei, verrückt & glücklich 200ML",
            "ItemPrice": "3,49€",
            "ItemUnit": "17,45€/l",
            "local_image_path": "Drogerie/Körperpflege/kneipp_aromapflegedusche_sei_frei_verrckt_amp_glcklich_200_ml.jpg"
          },
          {
            "image_urls": [
              "https://www.edeka24.de/out/pictures/generated/product/1/224_224_90/l039oreal_elvital_total_repair_shampoo_03_ltr.jpg"
            ],
            "ItemTitle": "L'Oreal Elvital Total Repair 5 Reparierendes Shampoo 300ML",
            "ItemPrice": "4,29€",
            "ItemUnit": "14,30€/l",
            "local_image_path": "Drogerie/Körperpflege/l039oreal_elvital_total_repair_shampoo_03_ltr.jpg"
          },
          {
            "image_urls": [
              "https://www.edeka24.de/out/pictures/generated/product/1/224_224_90/alpecin_sport_coffein_shampoo.jpg"
            ],
            "ItemTitle": "Alpecin SPORT Coffein Shampoo CTX 250ML",
            "ItemPrice": "5,99€",
            "ItemUnit": "23,96€/l",
            "local_image_path": "Drogerie/Körperpflege/alpecin_sport_coffein_shampoo.jpg"
          },
          {
            "image_urls": [
              "https://www.edeka24.de/out/pictures/generated/product/1/224_224_90/o_keefes_healthy_feet_fucreme_85_ml.jpg"
            ],
            "ItemTitle": "O´Keeffe´s Healthy Feet Fußcreme 85ML",
            "ItemPrice": "9,99€",
            "ItemUnit": "117,53€/l",
            "local_image_path": "Drogerie/Körperpflege/o_keefes_healthy_feet_fucreme_85_ml.jpg"
          },
          {
            "image_urls": [
              "https://www.edeka24.de/out/pictures/generated/product/1/224_224_90/elnett_haarspray_trockenes_haar_250ml.jpg"
            ],
            "ItemTitle": "L'Oreal Elnett Haarspray Aufbau & Schutz Trockenes Haar Starker Halt 250ML",
            "ItemPrice": "3,79€",
            "ItemUnit": "15,16€/l",
            "local_image_path": "Drogerie/Körperpflege/elnett_haarspray_trockenes_haar_250ml.jpg"
          },
          {
            "image_urls": [
              "https://www.edeka24.de/out/pictures/generated/product/1/224_224_90/nivea_classic_mild_shampoo_250ml.jpg"
            ],
            "ItemTitle": "Nivea Classic Mild Shampoo 250ML",
            "ItemPrice": "2,99€",
            "ItemUnit": "11,96€/l",
            "local_image_path": "Drogerie/Körperpflege/nivea_classic_mild_shampoo_250ml.jpg"
          },
          {
            "image_urls": [
              "https://www.edeka24.de/out/pictures/generated/product/1/224_224_90/jfvolumelift.jpg"
            ],
            "ItemTitle": "John Frieda Volume Lift nicht beschwerendes Shampoo 250ML",
            "ItemPrice": "8,49€",
            "ItemUnit": "33,96€/l",
            "local_image_path": "Drogerie/Körperpflege/jfvolumelift.jpg"
          },
          {
            "image_urls": [
              "https://www.edeka24.de/out/pictures/generated/product/1/224_224_90/dove-mencare-invisible-dry.jpg"
            ],
            "ItemTitle": "Dove Men + Care Deodorant Roll-On Invisible Dry 50 ml",
            "ItemPrice": "2,69€",
            "ItemUnit": "53,80€/l",
            "local_image_path": "Drogerie/Körperpflege/dove-mencare-invisible-dry.jpg"
          },
          {
            "image_urls": [
              "https://www.edeka24.de/out/pictures/generated/product/1/224_224_90/taft_hitzeschutzspray_250ml.jpg"
            ],
            "ItemTitle": "Schwarzkopf Taft Hitzeschutz-Spray 250ML",
            "ItemPrice": "4,29€",
            "ItemUnit": "17,16€/l",
            "local_image_path": "Drogerie/Körperpflege/taft_hitzeschutzspray_250ml.jpg"
          },
          {
            "image_urls": [
              "https://www.edeka24.de/out/pictures/generated/product/1/224_224_90/hidrofugal_men_rollon_frischampampstark_erfrischender_duft_50ml.jpg"
            ],
            "ItemTitle": "Hidrofugal Men Roll-on Frisch & Stark Anti-Transpirant 50ML",
            "ItemPrice": "3,79€",
            "ItemUnit": "75,80€/l",
            "local_image_path": "Drogerie/Körperpflege/hidrofugal_men_rollon_frischampampstark_erfrischender_duft_50ml.jpg"
          },
          {
            "image_urls": [
              "https://www.edeka24.de/out/pictures/generated/product/1/224_224_90/nivea_hautstraffende_body_milk_q10_energy_400ml.jpg"
            ],
            "ItemTitle": "Nivea Hautstraffende Body Milk Q10 Energy 400ML",
            "ItemPrice": "8,49€",
            "ItemUnit": "21,23€/l",
            "local_image_path": "Drogerie/Körperpflege/nivea_hautstraffende_body_milk_q10_energy_400ml.jpg"
          },
          {
            "image_urls": [
              "https://www.edeka24.de/out/pictures/generated/product/1/224_224_90/weleda_24h_deo_rollon_granatapfel_50ml.jpg"
            ],
            "ItemTitle": "Weleda 24h Deo Roll-On Granatapfel 50ML",
            "ItemPrice": "7,49€",
            "ItemUnit": "149,80€/l",
            "local_image_path": "Drogerie/Körperpflege/weleda_24h_deo_rollon_granatapfel_50ml.jpg"
          },
          {
            "image_urls": [
              "https://www.edeka24.de/out/pictures/generated/product/1/224_224_90/rexona_maximum_protection_antitranspirant_creme_clean_scent_45_ml.jpg"
            ],
            "ItemTitle": "Rexona Maximum Protection Anti-Transpirant Creme Clean Scent 45ML",
            "ItemPrice": "5,49€",
            "ItemUnit": "122,00€/l",
            "local_image_path": "Drogerie/Körperpflege/rexona_maximum_protection_antitranspirant_creme_clean_scent_45_ml.jpg"
          },
          {
            "image_urls": [
              "https://www.edeka24.de/out/pictures/generated/product/1/224_224_90/alpecintuningshampoo.jpg"
            ],
            "ItemTitle": "Alpecin Tuning-Shampoo 200ML",
            "ItemPrice": "8,49€",
            "ItemUnit": "42,45€/l",
            "local_image_path": "Drogerie/Körperpflege/alpecintuningshampoo.jpg"
          },
          {
            "image_urls": [
              "https://www.edeka24.de/out/pictures/generated/product/1/224_224_90/niveatrockenshampoobraun.jpg"
            ],
            "ItemTitle": "Nivea Fresh & Mild Trockenshampoo dunkle Haartöne 200ML",
            "ItemPrice": "4,99€",
            "ItemUnit": "24,95€/l",
            "local_image_path": "Drogerie/Körperpflege/niveatrockenshampoobraun.jpg"
          },
          {
            "image_urls": [
              "https://www.edeka24.de/out/pictures/generated/product/1/224_224_90/elvital_shampcolglanz_300ml.jpg"
            ],
            "ItemTitle": "L'Oreal Elvital Color-Glanz Shampoo 300ML",
            "ItemPrice": "4,29€",
            "ItemUnit": "14,30€/l",
            "local_image_path": "Drogerie/Körperpflege/elvital_shampcolglanz_300ml.jpg"
          },
          {
            "image_urls": [
              "https://www.edeka24.de/out/pictures/generated/product/1/224_224_90/nivearosenbltebl.jpg"
            ],
            "ItemTitle": "Nivea Body Lotion Rosenblüte Tiefenpflege Serum Arganöl 48h 400ML",
            "ItemPrice": "5,49€",
            "ItemUnit": "13,73€/l",
            "local_image_path": "Drogerie/Körperpflege/nivearosenbltebl.jpg"
          },
          {
            "image_urls": [
              "https://www.edeka24.de/out/pictures/generated/product/1/224_224_90/jffetraumgltte.jpg"
            ],
            "ItemTitle": "John Frieda Frizz Ease Traumglätte Shampoo 250ML",
            "ItemPrice": "8,49€",
            "ItemUnit": "33,96€/l",
            "local_image_path": "Drogerie/Körperpflege/jffetraumgltte.jpg"
          },
          {
            "image_urls": [
              "https://www.edeka24.de/out/pictures/generated/product/1/224_224_90/cd_feuchtigkeitsdusche_wasserlilie_250ml.jpg"
            ],
            "ItemTitle": "CD Feuchtigkeitsdusche Wasserlilie 250ML",
            "ItemPrice": "1,89€",
            "ItemUnit": "7,56€/l",
            "local_image_path": "Drogerie/Körperpflege/cd_feuchtigkeitsdusche_wasserlilie_250ml.jpg"
          },
          {
            "image_urls": [
              "https://www.edeka24.de/out/pictures/generated/product/1/224_224_90/axe_deo_bodyspray_epic_fresh_150ml.jpg"
            ],
            "ItemTitle": "Axe Bodyspray Epic Fresh 150ML",
            "ItemPrice": "4,29€",
            "ItemUnit": "28,60€/l",
            "local_image_path": "Drogerie/Körperpflege/axe_deo_bodyspray_epic_fresh_150ml.jpg"
          },
          {
            "image_urls": [
              "https://www.edeka24.de/out/pictures/generated/product/1/224_224_90/john_frieda_hydrate_amp_recharge_shampoo_250ml.jpg"
            ],
            "ItemTitle": "John Frieda Hydrate & Recharge Shampoo 250ML",
            "ItemPrice": "7,99€",
            "ItemUnit": "31,96€/l",
            "local_image_path": "Drogerie/Körperpflege/john_frieda_hydrate_amp_recharge_shampoo_250ml.jpg"
          },
          {
            "image_urls": [
              "https://www.edeka24.de/out/pictures/generated/product/1/224_224_90/taft_haarlack_ultra_starker_halt_4_250ml.jpg"
            ],
            "ItemTitle": "Schwarzkopf Taft Ultra Haarlack Halt 4 250ML",
            "ItemPrice": "3,29€",
            "ItemUnit": "13,16€/l",
            "local_image_path": "Drogerie/Körperpflege/taft_haarlack_ultra_starker_halt_4_250ml.jpg"
          },
          {
            "image_urls": [
              "https://www.edeka24.de/out/pictures/generated/product/1/224_224_90/kneipp_men_2in1_dusche_sport_200ml.jpg"
            ],
            "ItemTitle": "Kneipp Men 2in1 Dusche Sport 200ML",
            "ItemPrice": "3,49€",
            "ItemUnit": "17,45€/l",
            "local_image_path": "Drogerie/Körperpflege/kneipp_men_2in1_dusche_sport_200ml.jpg"
          },
          {
            "image_urls": [
              "https://www.edeka24.de/out/pictures/generated/product/1/224_224_90/weleda_refresh_citrus_erfrischungsdusche_200ml.jpg"
            ],
            "ItemTitle": "Weleda Refresh Citrus Erfrischungsdusche 200ML",
            "ItemPrice": "7,49€",
            "ItemUnit": "37,45€/l",
            "local_image_path": "Drogerie/Körperpflege/weleda_refresh_citrus_erfrischungsdusche_200ml.jpg"
          },
          {
            "image_urls": [
              "https://www.edeka24.de/out/pictures/generated/product/1/224_224_90/edeka_elkos_trockenshampoo_blond_200ml.jpg"
            ],
            "ItemTitle": "EDEKA elkos Trockenshampoo Blond 200ML",
            "ItemPrice": "2,29€",
            "ItemUnit": "11,45€/l",
            "local_image_path": "Drogerie/Körperpflege/edeka_elkos_trockenshampoo_blond_200ml.jpg"
          },
          {
            "image_urls": [
              "https://www.edeka24.de/out/pictures/generated/product/1/224_224_90/garnierfructiskraftglanzshampoo.jpg"
            ],
            "ItemTitle": "Garnier Fructis Kraft & Glanz kräftigendes Shampoo 250ML",
            "ItemPrice": "2,99€",
            "ItemUnit": "11,96€/l",
            "local_image_path": "Drogerie/Körperpflege/garnierfructiskraftglanzshampoo.jpg"
          },
          {
            "image_urls": [
              "https://www.edeka24.de/out/pictures/generated/product/1/224_224_90/john_frieda_profiller_kramp228ftigendes_shampoo_250ml.jpg"
            ],
            "ItemTitle": "John Frieda PROFiller+ Kräftigendes Shampoo 250ML",
            "ItemPrice": "8,49€",
            "ItemUnit": "33,96€/l",
            "local_image_path": "Drogerie/Körperpflege/john_frieda_profiller_kramp228ftigendes_shampoo_250ml.jpg"
          },
          {
            "image_urls": [
              "https://www.edeka24.de/out/pictures/generated/product/1/224_224_90/gard_styling_gel_business_150ml.jpg"
            ],
            "ItemTitle": "Gard Styling Gel Business sehr stark 150ML",
            "ItemPrice": "2,79€",
            "ItemUnit": "18,60€/l",
            "local_image_path": "Drogerie/Körperpflege/gard_styling_gel_business_150ml.jpg"
          },
          {
            "image_urls": [
              "https://www.edeka24.de/out/pictures/generated/product/1/224_224_90/taft_gel_power_super_kleber_sehr_starker_halt_14_150ml.jpg"
            ],
            "ItemTitle": "Schwarzkopf Taft Super Kleber Styling Gel Halt 14 150ML",
            "ItemPrice": "3,29€",
            "ItemUnit": "21,93€/l",
            "local_image_path": "Drogerie/Körperpflege/taft_gel_power_super_kleber_sehr_starker_halt_14_150ml.jpg"
          },
          {
            "image_urls": [
              "https://www.edeka24.de/out/pictures/generated/product/1/224_224_90/salthouse_totes_meer_shampoo_antischuppen_250ml.jpg"
            ],
            "ItemTitle": "Salthouse Totes Meer Anti-Schuppen Shampoo 250ML",
            "ItemPrice": "4,29€",
            "ItemUnit": "17,16€/l",
            "local_image_path": "Drogerie/Körperpflege/salthouse_totes_meer_shampoo_antischuppen_250ml.jpg"
          },
          {
            "image_urls": [
              "https://www.edeka24.de/out/pictures/generated/product/1/224_224_90/kneipp_aromapflegedusche_sei_frei_verrckt_amp_glcklich_200_ml.jpg"
            ],
            "ItemTitle": "Kneipp Aroma-Pflegedusche Sei frei, verrückt & glücklich 200ML",
            "ItemPrice": "3,49€",
            "ItemUnit": "17,45€/l",
            "local_image_path": "Drogerie/Körperpflege/kneipp_aromapflegedusche_sei_frei_verrckt_amp_glcklich_200_ml.jpg"
          },
          {
            "image_urls": [
              "https://www.edeka24.de/out/pictures/generated/product/1/224_224_90/l039oreal_elvital_total_repair_shampoo_03_ltr.jpg"
            ],
            "ItemTitle": "L'Oreal Elvital Total Repair 5 Reparierendes Shampoo 300ML",
            "ItemPrice": "4,29€",
            "ItemUnit": "14,30€/l",
            "local_image_path": "Drogerie/Körperpflege/l039oreal_elvital_total_repair_shampoo_03_ltr.jpg"
          },
          {
            "image_urls": [
              "https://www.edeka24.de/out/pictures/generated/product/1/224_224_90/alpecin_sport_coffein_shampoo.jpg"
            ],
            "ItemTitle": "Alpecin SPORT Coffein Shampoo CTX 250ML",
            "ItemPrice": "5,99€",
            "ItemUnit": "23,96€/l",
            "local_image_path": "Drogerie/Körperpflege/alpecin_sport_coffein_shampoo.jpg"
          },
          {
            "image_urls": [
              "https://www.edeka24.de/out/pictures/generated/product/1/224_224_90/o_keefes_healthy_feet_fucreme_85_ml.jpg"
            ],
            "ItemTitle": "O´Keeffe´s Healthy Feet Fußcreme 85ML",
            "ItemPrice": "9,99€",
            "ItemUnit": "117,53€/l",
            "local_image_path": "Drogerie/Körperpflege/o_keefes_healthy_feet_fucreme_85_ml.jpg"
          },
          {
            "image_urls": [
              "https://www.edeka24.de/out/pictures/generated/product/1/224_224_90/elnett_haarspray_trockenes_haar_250ml.jpg"
            ],
            "ItemTitle": "L'Oreal Elnett Haarspray Aufbau & Schutz Trockenes Haar Starker Halt 250ML",
            "ItemPrice": "3,79€",
            "ItemUnit": "15,16€/l",
            "local_image_path": "Drogerie/Körperpflege/elnett_haarspray_trockenes_haar_250ml.jpg"
          },
          {
            "image_urls": [
              "https://www.edeka24.de/out/pictures/generated/product/1/224_224_90/nivea_classic_mild_shampoo_250ml.jpg"
            ],
            "ItemTitle": "Nivea Classic Mild Shampoo 250ML",
            "ItemPrice": "2,99€",
            "ItemUnit": "11,96€/l",
            "local_image_path": "Drogerie/Körperpflege/nivea_classic_mild_shampoo_250ml.jpg"
          },
          {
            "image_urls": [
              "https://www.edeka24.de/out/pictures/generated/product/1/224_224_90/jfvolumelift.jpg"
            ],
            "ItemTitle": "John Frieda Volume Lift nicht beschwerendes Shampoo 250ML",
            "ItemPrice": "8,49€",
            "ItemUnit": "33,96€/l",
            "local_image_path": "Drogerie/Körperpflege/jfvolumelift.jpg"
          },
          {
            "image_urls": [
              "https://www.edeka24.de/out/pictures/generated/product/1/224_224_90/niveabodylotionq10vitc.jpg"
            ],
            "ItemTitle": "Nivea Body Lotion straffend Q10 plus Vitamin C 400 ML",
            "ItemPrice": "8,49€",
            "ItemUnit": "21,23€/l",
            "local_image_path": "Drogerie/Körperpflege/niveabodylotionq10vitc.jpg"
          },
          {
            "image_urls": [
              "https://www.edeka24.de/out/pictures/generated/product/1/224_224_90/headampampshoulders_antischuppen_shampoo_citrus_fresh_300ml.jpg"
            ],
            "ItemTitle": "head & shoulders Anti-Schuppen Shampoo Citrus Fresh 300ML",
            "ItemPrice": "4,99€",
            "ItemUnit": "16,63€/l",
            "local_image_path": "Drogerie/Körperpflege/headampampshoulders_antischuppen_shampoo_citrus_fresh_300ml.jpg"
          },
          {
            "image_urls": [
              "https://www.edeka24.de/out/pictures/generated/product/1/224_224_90/loreal_men_expert_deospray_carbon_ice_150ml.jpg"
            ],
            "ItemTitle": "Loreal Men Expert Carbon Protect Total Protection 48H Anti-Transpirant 150ML",
            "ItemPrice": "2,79€",
            "ItemUnit": "18,60€/l",
            "local_image_path": "Drogerie/Körperpflege/loreal_men_expert_deospray_carbon_ice_150ml.jpg"
          },
          {
            "image_urls": [
              "https://www.edeka24.de/out/pictures/generated/product/1/224_224_90/foamie_shampoo_hibiskiss_fest_80g.jpg"
            ],
            "ItemTitle": "Foamie Festes Shampoo Hibiskus für geschädigtes Haar 80G",
            "ItemPrice": "5,49€",
            "ItemUnit": "68,63€/kg",
            "local_image_path": "Drogerie/Körperpflege/foamie_shampoo_hibiskiss_fest_80g.jpg"
          },
          {
            "image_urls": [
              "https://www.edeka24.de/out/pictures/generated/product/1/224_224_90/sagrotan_desinfektion_handgel_kamilleampamplotus50ml.jpg"
            ],
            "ItemTitle": "Sagrotan Desinfektion Handgel Kamille & Lotus 50ml",
            "ItemPrice": "1,85€",
            "ItemUnit": "37,00€/l",
            "local_image_path": "Drogerie/Körperpflege/sagrotan_desinfektion_handgel_kamilleampamplotus50ml.jpg"
          },
          {
            "image_urls": [
              "https://www.edeka24.de/out/pictures/generated/product/1/224_224_90/taft_haarspray_power_invisible_sehr_starker_halt_5_250ml.jpg"
            ],
            "ItemTitle": "Schwarzkopf Taft Power Invisible Haarspray Halt 5 250ML",
            "ItemPrice": "3,29€",
            "ItemUnit": "13,16€/l",
            "local_image_path": "Drogerie/Körperpflege/taft_haarspray_power_invisible_sehr_starker_halt_5_250ml.jpg"
          },
          {
            "image_urls": [
              "https://www.edeka24.de/out/pictures/generated/product/1/224_224_90/l039oreal_elvital_l_magique_nhrpflege_shampoo_03_ltr.jpg"
            ],
            "ItemTitle": "L'Oreal Elvital Öl Magique Nährpflege Shampoo 300ML",
            "ItemPrice": "4,29€",
            "ItemUnit": "14,30€/l",
            "local_image_path": "Drogerie/Körperpflege/l039oreal_elvital_l_magique_nhrpflege_shampoo_03_ltr.jpg"
          },
          {
            "image_urls": [
              "https://www.edeka24.de/out/pictures/generated/product/1/224_224_90/pantene_prov_color_protect_shampoo_03_ltr.jpg"
            ],
            "ItemTitle": "Pantene Pro-V Color Protect Shampoo 300ML",
            "ItemPrice": "3,99€",
            "ItemUnit": "13,30€/l",
            "local_image_path": "Drogerie/Körperpflege/pantene_prov_color_protect_shampoo_03_ltr.jpg"
          },
          {
            "image_urls": [
              "https://www.edeka24.de/out/pictures/generated/product/1/224_224_90/blamp220tezeit_handcreme_biohibiskus_sensitiv_75ml.jpg"
            ],
            "ItemTitle": "Blütezeit Handcreme Bio-Hibiskus sensitiv 75ML",
            "ItemPrice": "2,49€",
            "ItemUnit": "33,20€/l",
            "local_image_path": "Drogerie/Körperpflege/blamp220tezeit_handcreme_biohibiskus_sensitiv_75ml.jpg"
          },
          {
            "image_urls": [
              "https://www.edeka24.de/out/pictures/generated/product/1/224_224_90/schaebens_aloe_vera_maske_2x5ml.jpg"
            ],
            "ItemTitle": "Schaebens Aloe Vera Maske 2x 5ML",
            "ItemPrice": "0,79€",
            "ItemUnit": "79,00€/l",
            "local_image_path": "Drogerie/Körperpflege/schaebens_aloe_vera_maske_2x5ml.jpg"
          },
          {
            "image_urls": [
              "https://www.edeka24.de/out/pictures/generated/product/1/224_224_90/elvitalcolorglanzpurple.jpg"
            ],
            "ItemTitle": "L'Oreal Elvital Color Glanz Purple Shampoo 200ML",
            "ItemPrice": "4,29€",
            "ItemUnit": "21,45€/l",
            "local_image_path": "Drogerie/Körperpflege/elvitalcolorglanzpurple.jpg"
          },
          {
            "image_urls": [
              "https://www.edeka24.de/out/pictures/generated/product/1/224_224_90/jffekur.jpg"
            ],
            "ItemTitle": "John Frieda Frizz Ease Wunderkur Tiefenwirksame Haarkur 250ML",
            "ItemPrice": "8,49€",
            "ItemUnit": "33,96€/l",
            "local_image_path": "Drogerie/Körperpflege/jffekur.jpg"
          },
          {
            "image_urls": [
              "https://www.edeka24.de/out/pictures/generated/product/1/224_224_90/sebamed_duschl_200_ml.jpg"
            ],
            "ItemTitle": "Sebamed Duschöl 200ML",
            "ItemPrice": "4,49€",
            "ItemUnit": "22,45€/l",
            "local_image_path": "Drogerie/Körperpflege/sebamed_duschl_200_ml.jpg"
          },
          {
            "image_urls": [
              "https://www.edeka24.de/out/pictures/generated/product/1/224_224_90/nivea_men_strong_power_shampoo_250ml.jpg"
            ],
            "ItemTitle": "Nivea Men Strong Power Shampoo 250ML",
            "ItemPrice": "2,99€",
            "ItemUnit": "11,96€/l",
            "local_image_path": "Drogerie/Körperpflege/nivea_men_strong_power_shampoo_250ml.jpg"
          },
          {
            "image_urls": [
              "https://www.edeka24.de/out/pictures/generated/product/1/224_224_90/weleda_inspire_schamp246nheitsdusche_granatapfel_200ml.jpg"
            ],
            "ItemTitle": "Weleda Inspire Schönheitsdusche Granatapfel 200ML",
            "ItemPrice": "7,49€",
            "ItemUnit": "37,45€/l",
            "local_image_path": "Drogerie/Körperpflege/weleda_inspire_schamp246nheitsdusche_granatapfel_200ml.jpg"
          },
          {
            "image_urls": [
              "https://www.edeka24.de/out/pictures/generated/product/1/224_224_90/poly_palette_intensiv_creme_coloration_750365_schokobraun_115ml.jpg"
            ],
            "ItemTitle": "Poly Palette Intensiv Creme Coloration 750/3-65 schokobraun 115ML",
            "ItemPrice": "3,29€",
            "ItemUnit": "28,61€/l",
            "local_image_path": "Drogerie/Körperpflege/poly_palette_intensiv_creme_coloration_750365_schokobraun_115ml.jpg"
          },
          {
            "image_urls": [
              "https://www.edeka24.de/out/pictures/generated/product/1/224_224_90/weleda_aroma_shower_energy_200ml.jpg"
            ],
            "ItemTitle": "Weleda Aroma-Duschgel Energy 200ML",
            "ItemPrice": "7,49€",
            "ItemUnit": "37,45€/l",
            "local_image_path": "Drogerie/Körperpflege/weleda_aroma_shower_energy_200ml.jpg"
          },
          {
            "image_urls": [
              "https://www.edeka24.de/out/pictures/generated/product/1/224_224_90/nivea_shampoo_reparatur_amp_gezielte_pflege_250ml.jpg"
            ],
            "ItemTitle": "Nivea Shampoo Reparatur & gezielte Pflege 250ML",
            "ItemPrice": "2,99€",
            "ItemUnit": "11,96€/l",
            "local_image_path": "Drogerie/Körperpflege/nivea_shampoo_reparatur_amp_gezielte_pflege_250ml.jpg"
          },
          {
            "image_urls": [
              "https://www.edeka24.de/out/pictures/generated/product/1/224_224_90/nivea_deo_rollon_invisible_for_blackampampwhite_clear_antitranspirant_50ml.jpg"
            ],
            "ItemTitle": "Nivea Deo Roll-On Invisible Black & White Clear Antitranspirant 48h 50ML",
            "ItemPrice": "2,79€",
            "ItemUnit": "55,80€/l",
            "local_image_path": "Drogerie/Körperpflege/nivea_deo_rollon_invisible_for_blackampampwhite_clear_antitranspirant_50ml.jpg"
          },
          {
            "image_urls": [
              "https://www.edeka24.de/out/pictures/generated/product/1/224_224_90/edeka_elkos_trockenshampoo_bramp252nett_200ml.jpg"
            ],
            "ItemTitle": "elkos Trockenshampoo Brown 200ML",
            "ItemPrice": "2,29€",
            "ItemUnit": "11,45€/l",
            "local_image_path": "Drogerie/Körperpflege/edeka_elkos_trockenshampoo_bramp252nett_200ml.jpg"
          },
          {
            "image_urls": [
              "https://www.edeka24.de/out/pictures/generated/product/1/224_224_90/taft_gel_wax_glanz_leichter_halt_2_75ml.jpg"
            ],
            "ItemTitle": "Schwarzkopf Taft Gel Wax Halt 2 75ML",
            "ItemPrice": "3,29€",
            "ItemUnit": "43,87€/l",
            "local_image_path": "Drogerie/Körperpflege/taft_gel_wax_glanz_leichter_halt_2_75ml.jpg"
          },
          {
            "image_urls": [
              "https://www.edeka24.de/out/pictures/generated/product/1/224_224_90/l039oreal_elvital_dream_length_super_aufbau_shampoo_03_ltr.jpg"
            ],
            "ItemTitle": "L'Oreal Elvital Dream Length Super Aufbau Shampoo 300ML",
            "ItemPrice": "4,29€",
            "ItemUnit": "14,30€/l",
            "local_image_path": "Drogerie/Körperpflege/l039oreal_elvital_dream_length_super_aufbau_shampoo_03_ltr.jpg"
          },
          {
            "image_urls": [
              "https://www.edeka24.de/out/pictures/generated/product/1/224_224_90/nature_box_reparatur_shampoo_avocadoamp214l_385ml.jpg"
            ],
            "ItemTitle": "Nature Box Reparatur Shampoo Avocadoöl 385ML",
            "ItemPrice": "4,99€",
            "ItemUnit": "12,96€/l",
            "local_image_path": "Drogerie/Körperpflege/nature_box_reparatur_shampoo_avocadoamp214l_385ml.jpg"
          },
          {
            "image_urls": [
              "https://www.edeka24.de/out/pictures/generated/product/1/224_224_90/pantene_prov_haarshampoo_miracles_volumeampamplift_250ml.jpg"
            ],
            "ItemTitle": "Pantene Pro-V Miracles Lift & Volume haarverdickendes Shampoo 250ML",
            "ItemPrice": "3,99€",
            "ItemUnit": "15,96€/l",
            "local_image_path": "Drogerie/Körperpflege/pantene_prov_haarshampoo_miracles_volumeampamplift_250ml.jpg"
          },
          {
            "image_urls": [
              "https://www.edeka24.de/out/pictures/generated/product/1/224_224_90/playboy_king_of_the_game_deospray_150ml.jpg"
            ],
            "ItemTitle": "Playboy King of the Game 24H Deodorant Body Spray 150ML",
            "ItemPrice": "2,69€",
            "ItemUnit": "17,93€/l",
            "local_image_path": "Drogerie/Körperpflege/playboy_king_of_the_game_deospray_150ml.jpg"
          },
          {
            "image_urls": [
              "https://www.edeka24.de/out/pictures/generated/product/1/224_224_90/pantenepro-vshampoovolumenpur.jpg"
            ],
            "ItemTitle": "Pantene Pro-V Volumen Pur Shampoo 300ML",
            "ItemPrice": "3,99€",
            "ItemUnit": "13,30€/l",
            "local_image_path": "Drogerie/Körperpflege/pantenepro-vshampoovolumenpur.jpg"
          },
          {
            "image_urls": [
              "https://www.edeka24.de/out/pictures/generated/product/1/224_224_90/kneippmandelbltenhautzart.jpg"
            ],
            "ItemTitle": "Kneipp Pflegeölbad Mandelblüten Hautzart 100ML",
            "ItemPrice": "5,49€",
            "ItemUnit": "54,90€/l",
            "local_image_path": "Wein/ Spirituosen/Spirituosen/highland_park_18_jahre_single_malt_whisky.jpg"
          },
          {
            "image_urls": [
              "https://www.edeka24.de/out/pictures/generated/product/1/224_224_90/blaueheldenseife.jpg"
            ],
            "ItemTitle": "Blaue Helden Starter-Set für Handseife Lemongrass mit Leerflasche 2-teilig 300ML",
            "ItemPrice": "3,49€",
            "ItemUnit": "11,63€/l",
            "local_image_path": "Wein/ Spirituosen/Spirituosen/highland_park_18_jahre_single_malt_whisky.jpg"
          },
          {
            "image_urls": [
              "https://www.edeka24.de/out/pictures/generated/product/1/224_224_90/taft_styling_wax_ultra_leichter_halt_2_75ml.jpg"
            ],
            "ItemTitle": "Schwarzkopf Taft Ultra Styling Wax Halt 2 75ML",
            "ItemPrice": "3,29€",
            "ItemUnit": "43,87€/l",
            "local_image_path": "Wein/ Spirituosen/Spirituosen/highland_park_18_jahre_single_malt_whisky.jpg"
          },
          {
            "image_urls": [
              "https://www.edeka24.de/out/pictures/generated/product/1/224_224_90/kneipp_ringelblume_hautschutzsalbe.jpg"
            ],
            "ItemTitle": "Kneipp Ringelblume Hautschutzsalbe 75ML",
            "ItemPrice": "5,49€",
            "ItemUnit": "73,20€/l",
            "local_image_path": "Wein/ Spirituosen/Spirituosen/highland_park_18_jahre_single_malt_whisky.jpg"
          },
          {
            "image_urls": [
              "https://www.edeka24.de/out/pictures/generated/product/1/224_224_90/niveabodylotionq10vitc.jpg"
            ],
            "ItemTitle": "Nivea Body Lotion straffend Q10 plus Vitamin C 400 ML",
            "ItemPrice": "8,49€",
            "ItemUnit": "21,23€/l",
            "local_image_path": "Drogerie/Körperpflege/niveabodylotionq10vitc.jpg"
          },
          {
            "image_urls": [
              "https://www.edeka24.de/out/pictures/generated/product/1/224_224_90/headampampshoulders_antischuppen_shampoo_citrus_fresh_300ml.jpg"
            ],
            "ItemTitle": "head & shoulders Anti-Schuppen Shampoo Citrus Fresh 300ML",
            "ItemPrice": "4,99€",
            "ItemUnit": "16,63€/l",
            "local_image_path": "Drogerie/Körperpflege/headampampshoulders_antischuppen_shampoo_citrus_fresh_300ml.jpg"
          },
          {
            "image_urls": [
              "https://www.edeka24.de/out/pictures/generated/product/1/224_224_90/loreal_men_expert_deospray_carbon_ice_150ml.jpg"
            ],
            "ItemTitle": "Loreal Men Expert Carbon Protect Total Protection 48H Anti-Transpirant 150ML",
            "ItemPrice": "2,79€",
            "ItemUnit": "18,60€/l",
            "local_image_path": "Drogerie/Körperpflege/loreal_men_expert_deospray_carbon_ice_150ml.jpg"
          },
          {
            "image_urls": [
              "https://www.edeka24.de/out/pictures/generated/product/1/224_224_90/foamie_shampoo_hibiskiss_fest_80g.jpg"
            ],
            "ItemTitle": "Foamie Festes Shampoo Hibiskus für geschädigtes Haar 80G",
            "ItemPrice": "5,49€",
            "ItemUnit": "68,63€/kg",
            "local_image_path": "Drogerie/Körperpflege/foamie_shampoo_hibiskiss_fest_80g.jpg"
          },
          {
            "image_urls": [
              "https://www.edeka24.de/out/pictures/generated/product/1/224_224_90/sagrotan_desinfektion_handgel_kamilleampamplotus50ml.jpg"
            ],
            "ItemTitle": "Sagrotan Desinfektion Handgel Kamille & Lotus 50ml",
            "ItemPrice": "1,85€",
            "ItemUnit": "37,00€/l",
            "local_image_path": "Drogerie/Körperpflege/sagrotan_desinfektion_handgel_kamilleampamplotus50ml.jpg"
          },
          {
            "image_urls": [
              "https://www.edeka24.de/out/pictures/generated/product/1/224_224_90/taft_haarspray_power_invisible_sehr_starker_halt_5_250ml.jpg"
            ],
            "ItemTitle": "Schwarzkopf Taft Power Invisible Haarspray Halt 5 250ML",
            "ItemPrice": "3,29€",
            "ItemUnit": "13,16€/l",
            "local_image_path": "Drogerie/Körperpflege/taft_haarspray_power_invisible_sehr_starker_halt_5_250ml.jpg"
          },
          {
            "image_urls": [
              "https://www.edeka24.de/out/pictures/generated/product/1/224_224_90/l039oreal_elvital_l_magique_nhrpflege_shampoo_03_ltr.jpg"
            ],
            "ItemTitle": "L'Oreal Elvital Öl Magique Nährpflege Shampoo 300ML",
            "ItemPrice": "4,29€",
            "ItemUnit": "14,30€/l",
            "local_image_path": "Drogerie/Körperpflege/l039oreal_elvital_l_magique_nhrpflege_shampoo_03_ltr.jpg"
          },
          {
            "image_urls": [
              "https://www.edeka24.de/out/pictures/generated/product/1/224_224_90/pantene_prov_color_protect_shampoo_03_ltr.jpg"
            ],
            "ItemTitle": "Pantene Pro-V Color Protect Shampoo 300ML",
            "ItemPrice": "3,99€",
            "ItemUnit": "13,30€/l",
            "local_image_path": "Drogerie/Körperpflege/pantene_prov_color_protect_shampoo_03_ltr.jpg"
          },
          {
            "image_urls": [
              "https://www.edeka24.de/out/pictures/generated/product/1/224_224_90/blamp220tezeit_handcreme_biohibiskus_sensitiv_75ml.jpg"
            ],
            "ItemTitle": "Blütezeit Handcreme Bio-Hibiskus sensitiv 75ML",
            "ItemPrice": "2,49€",
            "ItemUnit": "33,20€/l",
            "local_image_path": "Drogerie/Körperpflege/blamp220tezeit_handcreme_biohibiskus_sensitiv_75ml.jpg"
          },
          {
            "image_urls": [
              "https://www.edeka24.de/out/pictures/generated/product/1/224_224_90/schaebens_aloe_vera_maske_2x5ml.jpg"
            ],
            "ItemTitle": "Schaebens Aloe Vera Maske 2x 5ML",
            "ItemPrice": "0,79€",
            "ItemUnit": "79,00€/l",
            "local_image_path": "Drogerie/Körperpflege/schaebens_aloe_vera_maske_2x5ml.jpg"
          },
          {
            "image_urls": [
              "https://www.edeka24.de/out/pictures/generated/product/1/224_224_90/elvitalcolorglanzpurple.jpg"
            ],
            "ItemTitle": "L'Oreal Elvital Color Glanz Purple Shampoo 200ML",
            "ItemPrice": "4,29€",
            "ItemUnit": "21,45€/l",
            "local_image_path": "Drogerie/Körperpflege/elvitalcolorglanzpurple.jpg"
          },
          {
            "image_urls": [
              "https://www.edeka24.de/out/pictures/generated/product/1/224_224_90/jffekur.jpg"
            ],
            "ItemTitle": "John Frieda Frizz Ease Wunderkur Tiefenwirksame Haarkur 250ML",
            "ItemPrice": "8,49€",
            "ItemUnit": "33,96€/l",
            "local_image_path": "Drogerie/Körperpflege/jffekur.jpg"
          },
          {
            "image_urls": [
              "https://www.edeka24.de/out/pictures/generated/product/1/224_224_90/sebamed_duschl_200_ml.jpg"
            ],
            "ItemTitle": "Sebamed Duschöl 200ML",
            "ItemPrice": "4,49€",
            "ItemUnit": "22,45€/l",
            "local_image_path": "Drogerie/Körperpflege/sebamed_duschl_200_ml.jpg"
          },
          {
            "image_urls": [
              "https://www.edeka24.de/out/pictures/generated/product/1/224_224_90/nivea_men_strong_power_shampoo_250ml.jpg"
            ],
            "ItemTitle": "Nivea Men Strong Power Shampoo 250ML",
            "ItemPrice": "2,99€",
            "ItemUnit": "11,96€/l",
            "local_image_path": "Drogerie/Körperpflege/nivea_men_strong_power_shampoo_250ml.jpg"
          },
          {
            "image_urls": [
              "https://www.edeka24.de/out/pictures/generated/product/1/224_224_90/weleda_inspire_schamp246nheitsdusche_granatapfel_200ml.jpg"
            ],
            "ItemTitle": "Weleda Inspire Schönheitsdusche Granatapfel 200ML",
            "ItemPrice": "7,49€",
            "ItemUnit": "37,45€/l",
            "local_image_path": "Drogerie/Körperpflege/weleda_inspire_schamp246nheitsdusche_granatapfel_200ml.jpg"
          },
          {
            "image_urls": [
              "https://www.edeka24.de/out/pictures/generated/product/1/224_224_90/poly_palette_intensiv_creme_coloration_750365_schokobraun_115ml.jpg"
            ],
            "ItemTitle": "Poly Palette Intensiv Creme Coloration 750/3-65 schokobraun 115ML",
            "ItemPrice": "3,29€",
            "ItemUnit": "28,61€/l",
            "local_image_path": "Drogerie/Körperpflege/poly_palette_intensiv_creme_coloration_750365_schokobraun_115ml.jpg"
          },
          {
            "image_urls": [
              "https://www.edeka24.de/out/pictures/generated/product/1/224_224_90/weleda_aroma_shower_energy_200ml.jpg"
            ],
            "ItemTitle": "Weleda Aroma-Duschgel Energy 200ML",
            "ItemPrice": "7,49€",
            "ItemUnit": "37,45€/l",
            "local_image_path": "Drogerie/Körperpflege/weleda_aroma_shower_energy_200ml.jpg"
          },
          {
            "image_urls": [
              "https://www.edeka24.de/out/pictures/generated/product/1/224_224_90/nivea_shampoo_reparatur_amp_gezielte_pflege_250ml.jpg"
            ],
            "ItemTitle": "Nivea Shampoo Reparatur & gezielte Pflege 250ML",
            "ItemPrice": "2,99€",
            "ItemUnit": "11,96€/l",
            "local_image_path": "Drogerie/Körperpflege/nivea_shampoo_reparatur_amp_gezielte_pflege_250ml.jpg"
          },
          {
            "image_urls": [
              "https://www.edeka24.de/out/pictures/generated/product/1/224_224_90/nivea_deo_rollon_invisible_for_blackampampwhite_clear_antitranspirant_50ml.jpg"
            ],
            "ItemTitle": "Nivea Deo Roll-On Invisible Black & White Clear Antitranspirant 48h 50ML",
            "ItemPrice": "2,79€",
            "ItemUnit": "55,80€/l",
            "local_image_path": "Drogerie/Körperpflege/nivea_deo_rollon_invisible_for_blackampampwhite_clear_antitranspirant_50ml.jpg"
          },
          {
            "image_urls": [
              "https://www.edeka24.de/out/pictures/generated/product/1/224_224_90/edeka_elkos_trockenshampoo_bramp252nett_200ml.jpg"
            ],
            "ItemTitle": "elkos Trockenshampoo Brown 200ML",
            "ItemPrice": "2,29€",
            "ItemUnit": "11,45€/l",
            "local_image_path": "Drogerie/Körperpflege/edeka_elkos_trockenshampoo_bramp252nett_200ml.jpg"
          },
          {
            "image_urls": [
              "https://www.edeka24.de/out/pictures/generated/product/1/224_224_90/taft_gel_wax_glanz_leichter_halt_2_75ml.jpg"
            ],
            "ItemTitle": "Schwarzkopf Taft Gel Wax Halt 2 75ML",
            "ItemPrice": "3,29€",
            "ItemUnit": "43,87€/l",
            "local_image_path": "Drogerie/Körperpflege/taft_gel_wax_glanz_leichter_halt_2_75ml.jpg"
          },
          {
            "image_urls": [
              "https://www.edeka24.de/out/pictures/generated/product/1/224_224_90/l039oreal_elvital_dream_length_super_aufbau_shampoo_03_ltr.jpg"
            ],
            "ItemTitle": "L'Oreal Elvital Dream Length Super Aufbau Shampoo 300ML",
            "ItemPrice": "4,29€",
            "ItemUnit": "14,30€/l",
            "local_image_path": "Drogerie/Körperpflege/l039oreal_elvital_dream_length_super_aufbau_shampoo_03_ltr.jpg"
          },
          {
            "image_urls": [
              "https://www.edeka24.de/out/pictures/generated/product/1/224_224_90/nature_box_reparatur_shampoo_avocadoamp214l_385ml.jpg"
            ],
            "ItemTitle": "Nature Box Reparatur Shampoo Avocadoöl 385ML",
            "ItemPrice": "4,99€",
            "ItemUnit": "12,96€/l",
            "local_image_path": "Drogerie/Körperpflege/nature_box_reparatur_shampoo_avocadoamp214l_385ml.jpg"
          },
          {
            "image_urls": [
              "https://www.edeka24.de/out/pictures/generated/product/1/224_224_90/pantene_prov_haarshampoo_miracles_volumeampamplift_250ml.jpg"
            ],
            "ItemTitle": "Pantene Pro-V Miracles Lift & Volume haarverdickendes Shampoo 250ML",
            "ItemPrice": "3,99€",
            "ItemUnit": "15,96€/l",
            "local_image_path": "Drogerie/Körperpflege/pantene_prov_haarshampoo_miracles_volumeampamplift_250ml.jpg"
          },
          {
            "image_urls": [
              "https://www.edeka24.de/out/pictures/generated/product/1/224_224_90/playboy_king_of_the_game_deospray_150ml.jpg"
            ],
            "ItemTitle": "Playboy King of the Game 24H Deodorant Body Spray 150ML",
            "ItemPrice": "2,69€",
            "ItemUnit": "17,93€/l",
            "local_image_path": "Drogerie/Körperpflege/playboy_king_of_the_game_deospray_150ml.jpg"
          },
          {
            "image_urls": [
              "https://www.edeka24.de/out/pictures/generated/product/1/224_224_90/pantenepro-vshampoovolumenpur.jpg"
            ],
            "ItemTitle": "Pantene Pro-V Volumen Pur Shampoo 300ML",
            "ItemPrice": "3,99€",
            "ItemUnit": "13,30€/l",
            "local_image_path": "Drogerie/Körperpflege/pantenepro-vshampoovolumenpur.jpg"
          },
          {
            "image_urls": [
              "https://www.edeka24.de/out/pictures/generated/product/1/224_224_90/kneippmandelbltenhautzart.jpg"
            ],
            "ItemTitle": "Kneipp Pflegeölbad Mandelblüten Hautzart 100ML",
            "ItemPrice": "5,49€",
            "ItemUnit": "54,90€/l",
            "local_image_path": "Wein/ Spirituosen/Spirituosen/highland_park_18_jahre_single_malt_whisky.jpg"
          },
          {
            "image_urls": [
              "https://www.edeka24.de/out/pictures/generated/product/1/224_224_90/blaueheldenseife.jpg"
            ],
            "ItemTitle": "Blaue Helden Starter-Set für Handseife Lemongrass mit Leerflasche 2-teilig 300ML",
            "ItemPrice": "3,49€",
            "ItemUnit": "11,63€/l",
            "local_image_path": "Wein/ Spirituosen/Spirituosen/highland_park_18_jahre_single_malt_whisky.jpg"
          },
          {
            "image_urls": [
              "https://www.edeka24.de/out/pictures/generated/product/1/224_224_90/taft_styling_wax_ultra_leichter_halt_2_75ml.jpg"
            ],
            "ItemTitle": "Schwarzkopf Taft Ultra Styling Wax Halt 2 75ML",
            "ItemPrice": "3,29€",
            "ItemUnit": "43,87€/l",
            "local_image_path": "Wein/ Spirituosen/Spirituosen/highland_park_18_jahre_single_malt_whisky.jpg"
          },
          {
            "image_urls": [
              "https://www.edeka24.de/out/pictures/generated/product/1/224_224_90/kneipp_ringelblume_hautschutzsalbe.jpg"
            ],
            "ItemTitle": "Kneipp Ringelblume Hautschutzsalbe 75ML",
            "ItemPrice": "5,49€",
            "ItemUnit": "73,20€/l",
            "local_image_path": "Wein/ Spirituosen/Spirituosen/highland_park_18_jahre_single_malt_whisky.jpg"
          },
          {
            "image_urls": [
              "https://www.edeka24.de/out/pictures/generated/product/1/224_224_90/433a46b2e01936fed86cebe1544c5262-4260092872008_E_iq.jpg"
            ],
            "ItemTitle": "eyelike Kombi Super Proteinentfernung für weiche Kontaktlinsen 360ML",
            "ItemPrice": "7,29€",
            "ItemUnit": "20,25€/l",
            "local_image_path": "Drogerie/Körperpflege/433a46b2e01936fed86cebe1544c5262-4260092872008_E_iq.jpg"
          },
          {
            "image_urls": [
              "https://www.edeka24.de/out/pictures/generated/product/1/224_224_90/ambre_solaire_sonnenschutzmilch_lsf_30.jpg"
            ],
            "ItemTitle": "Garnier Ambre Solaire Sonnenschutz-Milch LSF 30 200ML",
            "ItemPrice": "7,49€",
            "ItemUnit": "37,45€/l",
            "local_image_path": "Drogerie/Körperpflege/ambre_solaire_sonnenschutzmilch_lsf_30.jpg"
          },
          {
            "image_urls": [
              "https://www.edeka24.de/out/pictures/generated/product/1/224_224_90/blistex_classic_lip_protector_425_g.jpg"
            ],
            "ItemTitle": "Blistex Classic Lip Protector 4,25G",
            "ItemPrice": "1,59€",
            "ItemUnit": "",
            "local_image_path": "Drogerie/Körperpflege/blistex_classic_lip_protector_425_g.jpg"
          },
          {
            "image_urls": [
              "https://www.edeka24.de/out/pictures/generated/product/1/224_224_90/edeka_elkos_dentamax_mundspamp252lung_zahnfleischpflege_500ml.jpg"
            ],
            "ItemTitle": "elkos DentaMax Mundspülung Zahnfleischpflege 500ML",
            "ItemPrice": "0,89€",
            "ItemUnit": "1,78€/l",
            "local_image_path": "Drogerie/Körperpflege/edeka_elkos_dentamax_mundspamp252lung_zahnfleischpflege_500ml.jpg"
          },
          {
            "image_urls": [
              "https://www.edeka24.de/out/pictures/generated/product/1/224_224_90/fa_men_2in1_bodyampamphair_duschgel_kick_off_250ml.jpg"
            ],
            "ItemTitle": "Fa Men Kick Off 2in1 Body & Hair Duschgel 250ML",
            "ItemPrice": "1,59€",
            "ItemUnit": "6,36€/l",
            "local_image_path": "Drogerie/Körperpflege/fa_men_2in1_bodyampamphair_duschgel_kick_off_250ml.jpg"
          },
          {
            "image_urls": [
              "https://www.edeka24.de/out/pictures/generated/product/1/224_224_90/edekasamtweichkosmetiktcher.jpg"
            ],
            "ItemTitle": "EDEKA Samtweich Kosmetiktücher 4-lagig 80ST",
            "ItemPrice": "1,59€",
            "ItemUnit": "0,02€/st",
            "local_image_path": "Drogerie/Körperhygiene/edekasamtweichkosmetiktcher.jpg"
          },
          {
            "image_urls": [
              "https://www.edeka24.de/out/pictures/generated/product/1/224_224_90/edeka_elkos_dentamax_mundspamp252lung_sensitiv_500ml.jpg"
            ],
            "ItemTitle": "elkos DentaMax Mundspülung Sensitiv 500ML",
            "ItemPrice": "0,89€",
            "ItemUnit": "1,78€/l",
            "local_image_path": "Drogerie/Körperpflege/edeka_elkos_dentamax_mundspamp252lung_sensitiv_500ml.jpg"
          },
          {
            "image_urls": [
              "https://www.edeka24.de/out/pictures/generated/product/1/224_224_90/bltezeit_duschgel_erdbeerehimbeere_250ml.jpg"
            ],
            "ItemTitle": "Blütezeit Duschgel Erdbeere/Himbeere 250ML",
            "ItemPrice": "1,89€",
            "ItemUnit": "7,56€/l",
            "local_image_path": "Drogerie/Körperpflege/bltezeit_duschgel_erdbeerehimbeere_250ml.jpg"
          },
          {
            "image_urls": [
              "https://www.edeka24.de/out/pictures/generated/product/1/224_224_90/elkos_body_cremeseife_limette_amp_buttermilch_500ml.jpg"
            ],
            "ItemTitle": "elkos body Cremeseife Limette & Buttermilch 500ML",
            "ItemPrice": "0,89€",
            "ItemUnit": "1,78€/l",
            "local_image_path": "Drogerie/Körperpflege/elkos_body_cremeseife_limette_amp_buttermilch_500ml.jpg"
          },
          {
            "image_urls": [
              "https://www.edeka24.de/out/pictures/generated/product/1/224_224_90/hidrofugal_men_spray_maximaler_schutz_150ml.jpg"
            ],
            "ItemTitle": "Hidrofugal Men Maximal Schutz Anti-Transpirant 150ML",
            "ItemPrice": "3,79€",
            "ItemUnit": "25,27€/l",
            "local_image_path": "Drogerie/Körperpflege/hidrofugal_men_spray_maximaler_schutz_150ml.jpg"
          },
          {
            "image_urls": [
              "https://www.edeka24.de/out/pictures/generated/product/1/224_224_90/axe_duschgel_collision_fresh_clash_250_ml.jpg"
            ],
            "ItemTitle": "Axe Duschgel 3in1 Leather & Cookies 250ML",
            "ItemPrice": "2,69€",
            "ItemUnit": "10,76€/l",
            "local_image_path": "Drogerie/Körperpflege/axe_duschgel_collision_fresh_clash_250_ml.jpg"
          },
          {
            "image_urls": [
              "https://www.edeka24.de/out/pictures/generated/product/1/224_224_90/edeka_elkos_kernseife_3x100g.jpg"
            ],
            "ItemTitle": "elkos Kernseife 3x 100G",
            "ItemPrice": "1,19€",
            "ItemUnit": "3,97€/kg",
            "local_image_path": "Drogerie/Körperpflege/edeka_elkos_kernseife_3x100g.jpg"
          },
          {
            "image_urls": [
              "https://www.edeka24.de/out/pictures/generated/product/1/224_224_90/edeka_elkos_deospray_for_men_fresh_200ml.jpg"
            ],
            "ItemTitle": "Elkos For Men Deospray Fresh 200ML",
            "ItemPrice": "1,19€",
            "ItemUnit": "5,95€/l",
            "local_image_path": "Drogerie/Körperpflege/edeka_elkos_deospray_for_men_fresh_200ml.jpg"
          },
          {
            "image_urls": [
              "https://www.edeka24.de/out/pictures/generated/product/1/224_224_90/duschdas_duschgel_for_men_225ml.jpg"
            ],
            "ItemTitle": "Duschdas Duschgel For Men 3in1 225ML",
            "ItemPrice": "1,69€",
            "ItemUnit": "7,51€/l",
            "local_image_path": "Drogerie/Körperpflege/duschdas_duschgel_for_men_225ml.jpg"
          },
          {
            "image_urls": [
              "https://www.edeka24.de/out/pictures/generated/product/1/224_224_90/odolmed3_original_zahncreme_125ml.jpg"
            ],
            "ItemTitle": "Odol-med3 Original Zahncreme 125ML",
            "ItemPrice": "1,69€",
            "ItemUnit": "13,52€/l",
            "local_image_path": "Drogerie/Körperpflege/odolmed3_original_zahncreme_125ml.jpg"
          },
          {
            "image_urls": [
              "https://www.edeka24.de/out/pictures/generated/product/1/224_224_90/eelkos_schaumseife_para250ml.jpg"
            ],
            "ItemTitle": "elkos Body Schaumparadies Schaumseife 250ML",
            "ItemPrice": "1,49€",
            "ItemUnit": "5,96€/l",
            "local_image_path": "Drogerie/Körperpflege/eelkos_schaumseife_para250ml.jpg"
          },
          {
            "image_urls": [
              "https://www.edeka24.de/out/pictures/generated/product/1/224_224_90/bltezeit_shampoo_repair_bio_walnuss_amp_jojoba_200ml.jpg"
            ],
            "ItemTitle": "Blütezeit Shampoo Repair Bio Walnuss & Jojoba 200ML",
            "ItemPrice": "2,49€",
            "ItemUnit": "12,45€/l",
            "local_image_path": "Drogerie/Körperpflege/bltezeit_shampoo_repair_bio_walnuss_amp_jojoba_200ml.jpg"
          },
          {
            "image_urls": [
              "https://www.edeka24.de/out/pictures/generated/product/1/224_224_90/elkos_bio_wattestbchen_300st.jpg"
            ],
            "ItemTitle": "elkos Bio Wattestäbchen 300ST",
            "ItemPrice": "0,89€",
            "ItemUnit": "",
            "local_image_path": "Bio-Produkte/Bio Marken/elkos_bio_wattestbchen_300st.jpg"
          },
          {
            "image_urls": [
              "https://www.edeka24.de/out/pictures/generated/product/1/224_224_90/palmrasierschaum_sens300ml.jpg"
            ],
            "ItemTitle": "Palmolive Rasierschaum Senisitive 300ML",
            "ItemPrice": "2,29€",
            "ItemUnit": "7,63€/l",
            "local_image_path": "Drogerie/Körperhygiene/palmrasierschaum_sens300ml.jpg"
          },
          {
            "image_urls": [
              "https://www.edeka24.de/out/pictures/generated/product/1/224_224_90/bltezeit_duschgel_lemongras_250ml.jpg"
            ],
            "ItemTitle": "Blütezeit Duschgel Lemongras 250ml",
            "ItemPrice": "1,89€",
            "ItemUnit": "7,56€/l",
            "local_image_path": "Drogerie/Körperpflege/bltezeit_duschgel_lemongras_250ml.jpg"
          },
          {
            "image_urls": [
              "https://www.edeka24.de/out/pictures/generated/product/1/224_224_90/eelkos_med_waschlotion_500ml.jpg"
            ],
            "ItemTitle": "elkos Med Waschlotion Classic 500ML",
            "ItemPrice": "1,39€",
            "ItemUnit": "2,78€/l",
            "local_image_path": "Drogerie/Körperpflege/eelkos_med_waschlotion_500ml.jpg"
          },
          {
            "image_urls": [
              "https://www.edeka24.de/out/pictures/generated/product/1/224_224_90/edeka_elkos_shampoo_fruchtampampvitamin_500ml(1).jpg"
            ],
            "ItemTitle": "Elkos Shampoo Frucht & Vitamin 500ML",
            "ItemPrice": "0,99€",
            "ItemUnit": "1,98€/l",
            "local_image_path": "Drogerie/Körperpflege/edeka_elkos_shampoo_fruchtampampvitamin_500ml(1).jpg"
          },
          {
            "image_urls": [
              "https://www.edeka24.de/out/pictures/generated/product/1/224_224_90/elkos_deospray_tropic_200ml.jpg"
            ],
            "ItemTitle": "Elkos Deospray Tropic 200ML",
            "ItemPrice": "1,19€",
            "ItemUnit": "5,95€/l",
            "local_image_path": "Wein/ Spirituosen/Spirituosen/highland_park_18_jahre_single_malt_whisky.jpg"
          },
          {
            "image_urls": [
              "https://www.edeka24.de/out/pictures/generated/product/1/224_224_90/ajona_spezial_zahncreme_25ml.jpg"
            ],
            "ItemTitle": "Ajona Medizinisches Zahncremekonzentrat 25ML",
            "ItemPrice": "1,89€",
            "ItemUnit": "75,60€/l",
            "local_image_path": "Drogerie/Körperpflege/ajona_spezial_zahncreme_25ml.jpg"
          },
          {
            "image_urls": [
              "https://www.edeka24.de/out/pictures/generated/product/1/224_224_90/sun_d039or_sonnenpray_sensitiv_lsf_50_200ml.jpg"
            ],
            "ItemTitle": "Sun D'OR Sonnenpray Sensitiv LSF 50 200ML",
            "ItemPrice": "6,99€",
            "ItemUnit": "34,95€/l",
            "local_image_path": "Drogerie/Körperpflege/sun_d039or_sonnenpray_sensitiv_lsf_50_200ml.jpg"
          },
          {
            "image_urls": [
              "https://www.edeka24.de/out/pictures/generated/product/1/224_224_90/headampampshoulders_antischuppen_shampoo_deep_clean_juckende_kopfhaut_mit_pfefferminz_250ml.jpg"
            ],
            "ItemTitle": "Head & Shoulders Anti-Schuppen Shampoo Deep Clean Juckende Kopfhaut mit Pfefferminz 250ML",
            "ItemPrice": "4,99€",
            "ItemUnit": "19,96€/l",
            "local_image_path": "Drogerie/Körperpflege/headampampshoulders_antischuppen_shampoo_deep_clean_juckende_kopfhaut_mit_pfefferminz_250ml.jpg"
          },
          {
            "image_urls": [
              "https://www.edeka24.de/out/pictures/generated/product/1/224_224_90/palmolive_naturals_flssigseife_honig_300_ml.jpg"
            ],
            "ItemTitle": "Palmolive Naturals Flüssigseife Milch & Honig 300ML",
            "ItemPrice": "1,69€",
            "ItemUnit": "5,63€/l",
            "local_image_path": "Drogerie/Körperpflege/palmolive_naturals_flssigseife_honig_300_ml.jpg"
          },
          {
            "image_urls": [
              "https://www.edeka24.de/out/pictures/generated/product/1/224_224_90/odolmed3_extra_white_zahncreme_125ml(1).jpg"
            ],
            "ItemTitle": "Odol-med3 Extra White 3in1 Schutz Zahncreme 125ML",
            "ItemPrice": "1,69€",
            "ItemUnit": "13,52€/l",
            "local_image_path": "Drogerie/Körperpflege/odolmed3_extra_white_zahncreme_125ml(1).jpg"
          },
          {
            "image_urls": [
              "https://www.edeka24.de/out/pictures/generated/product/1/224_224_90/bltezeit_flssigseife_garten_biosalbeibiothymian_300ml.jpg"
            ],
            "ItemTitle": "Blütezeit Flüssigseife Garten Bio-Salbei+Bio-Thymian 300ML",
            "ItemPrice": "1,59€",
            "ItemUnit": "5,30€/l",
            "local_image_path": "Drogerie/Körperpflege/bltezeit_flssigseife_garten_biosalbeibiothymian_300ml.jpg"
          },
          {
            "image_urls": [
              "https://www.edeka24.de/out/pictures/generated/product/1/224_224_90/edeka_elkos_wattestamp228bchen_nachfamp252ller_160st.jpg"
            ],
            "ItemTitle": "elkos Wattestäbchen Nachfüller 160ST",
            "ItemPrice": "0,55€",
            "ItemUnit": "",
            "local_image_path": "Drogerie/Körperpflege/edeka_elkos_wattestamp228bchen_nachfamp252ller_160st.jpg"
          },
          {
            "image_urls": [
              "https://www.edeka24.de/out/pictures/generated/product/1/224_224_90/schauma_for_men_shampoo_400ml(1).jpg"
            ],
            "ItemTitle": "Schwarzkopf Schauma For Men Shampoo 400ML",
            "ItemPrice": "2,29€",
            "ItemUnit": "5,73€/l",
            "local_image_path": "Drogerie/Körperpflege/schauma_for_men_shampoo_400ml(1).jpg"
          },
          {
            "image_urls": [
              "https://www.edeka24.de/out/pictures/generated/product/1/224_224_90/edeka_elkos_dentamax_streifenzahncreme_kramp228uter_125ml.jpg"
            ],
            "ItemTitle": "elkos DentaMax Kräuter Zahncreme 125ML",
            "ItemPrice": "0,69€",
            "ItemUnit": "5,52€/l",
            "local_image_path": "Drogerie/Körperpflege/edeka_elkos_dentamax_streifenzahncreme_kramp228uter_125ml.jpg"
          },
          {
            "image_urls": [
              "https://www.edeka24.de/out/pictures/generated/product/1/224_224_90/palmolive_naturals_duschcreme_milch_amp_honig_250ml.jpg"
            ],
            "ItemTitle": "Palmolive Naturals Duschcreme Milch & Honig 250ML",
            "ItemPrice": "1,59€",
            "ItemUnit": "6,36€/l",
            "local_image_path": "Drogerie/Körperpflege/palmolive_naturals_duschcreme_milch_amp_honig_250ml.jpg"
          }
        ]
      }
    ]
  },
  {
    "CategoryTitle": "Drogerie",
    "Subcategories": [
      {
        "subcategoryTitle": "Baby & Kleinkind",
        "productItems": [
          {
            "image_urls": [
              "https://www.edeka24.de/out/pictures/generated/product/1/224_224_90/edeka_elkos_baby_glamp252ck_babytamp252cher_sensitive_2x80st.jpg"
            ],
            "ItemTitle": "Elkos Baby Glück Sensitiv Feuchttücher 2x 80ST",
            "ItemPrice": "2,29€",
            "ItemUnit": "0,01€/st",
            "local_image_path": "Drogerie/Baby & Kleinkind/edeka_elkos_baby_glamp252ck_babytamp252cher_sensitive_2x80st.jpg"
          },
          {
            "image_urls": [
              "https://www.edeka24.de/out/pictures/generated/product/1/224_224_90/edeka_elkos_baby_glamp252ck_babytamp252cher_comfort_2x80st.jpg"
            ],
            "ItemTitle": "Elkos Baby Glück Feuchttücher 2x 80ST",
            "ItemPrice": "2,29€",
            "ItemUnit": "0,01€/st",
            "local_image_path": "Drogerie/Baby & Kleinkind/edeka_elkos_baby_glamp252ck_babytamp252cher_comfort_2x80st.jpg"
          },
          {
            "image_urls": [
              "https://www.edeka24.de/out/pictures/generated/product/1/224_224_90/bio_edeka_erdbeere_in_apfel_mit_joghurt_190g.jpg"
            ],
            "ItemTitle": "EDEKA Bio Erdbeere in Apfel mit Joghurt 190G",
            "ItemPrice": "1,19€",
            "ItemUnit": "6,26€/kg",
            "local_image_path": "Bio-Produkte/Bio Marken/bio_edeka_erdbeere_in_apfel_mit_joghurt_190g.jpg"
          },
          {
            "image_urls": [
              "https://www.edeka24.de/out/pictures/generated/product/1/224_224_90/edeka_elkos_babyglamp252ck_babypuder_sensitiv_100g.jpg"
            ],
            "ItemTitle": "elkos Babyglück Babypuder Sensitiv 100G",
            "ItemPrice": "1,19€",
            "ItemUnit": "11,90€/kg",
            "local_image_path": "Drogerie/Baby & Kleinkind/edeka_elkos_babyglamp252ck_babypuder_sensitiv_100g.jpg"
          },
          {
            "image_urls": [
              "https://www.edeka24.de/out/pictures/generated/product/1/224_224_90/hipp_babysanft_feuchttamp252cher_ohne_parfum_4x52st.jpg"
            ],
            "ItemTitle": "Hipp Babysanft Feuchttücher ohne Parfum 4x 52ST",
            "ItemPrice": "4,79€",
            "ItemUnit": "0,02€/st",
            "local_image_path": "Drogerie/Baby & Kleinkind/hipp_babysanft_feuchttamp252cher_ohne_parfum_4x52st.jpg"
          },
          {
            "image_urls": [
              "https://www.edeka24.de/out/pictures/generated/product/1/224_224_90/bebivitakimi1.jpg"
            ],
            "ItemTitle": "Bebivita Kindermilch 1+ ab 1 Jahr 500G",
            "ItemPrice": "5,49€",
            "ItemUnit": "10,98€/kg",
            "local_image_path": "Drogerie/Baby & Kleinkind/bebivitakimi1.jpg"
          },
          {
            "image_urls": [
              "https://www.edeka24.de/out/pictures/generated/product/1/224_224_90/blamp220tezeit_amp214kowindel_gramp246amp223e_4_maxi_28st.jpg"
            ],
            "ItemTitle": "Blüte-Zeit Öko-Windeln Größe 4 Maxi 8-14KG 28ST",
            "ItemPrice": "5,49€",
            "ItemUnit": "0,20€/st",
            "local_image_path": "Drogerie/Baby & Kleinkind/blamp220tezeit_amp214kowindel_gramp246amp223e_4_maxi_28st.jpg"
          },
          {
            "image_urls": [
              "https://www.edeka24.de/out/pictures/generated/product/1/224_224_90/edeka_elkos_baby_glamp252ck_windeln_gr5_junior_36st.jpg"
            ],
            "ItemTitle": "elkos Baby Glück Premium Windeln 5 Junior 11-16KG 36ST",
            "ItemPrice": "5,99€",
            "ItemUnit": "0,17€/st",
            "local_image_path": "Drogerie/Baby & Kleinkind/edeka_elkos_baby_glamp252ck_windeln_gr5_junior_36st.jpg"
          },
          {
            "image_urls": [
              "https://www.edeka24.de/out/pictures/generated/product/1/224_224_90/hi6805_bio_huehngemampampkart250g.jpg"
            ],
            "ItemTitle": "Hipp Bio Buttergemüse und Bio-Hühnchen ab 12. Monat 250G",
            "ItemPrice": "1,89€",
            "ItemUnit": "7,56€/kg",
            "local_image_path": "Bio-Produkte/Bio Marken/hi6805_bio_huehngemampampkart250g.jpg"
          },
          {
            "image_urls": [
              "https://www.edeka24.de/out/pictures/generated/product/1/224_224_90/alnatura4-korngetbrei.jpg"
            ],
            "ItemTitle": "Alnatura Bio 4-Korn Getreidebrei ab dem 5.Monat 250G",
            "ItemPrice": "2,49€",
            "ItemUnit": "9,96€/kg",
            "local_image_path": "Drogerie/Baby & Kleinkind/alnatura4-korngetbrei.jpg"
          },
          {
            "image_urls": [
              "https://www.edeka24.de/out/pictures/generated/product/1/224_224_90/bio_hipp_framp252chte_duett_joghurt_auf_framp252chten_ab_10monat_160g.jpg"
            ],
            "ItemTitle": "Hipp Bio Früchte Duett Joghurt auf Früchten ab 10.Monat 160G",
            "ItemPrice": "1,39€",
            "ItemUnit": "8,69€/kg",
            "local_image_path": "Bio-Produkte/Bio Marken/bio_hipp_framp252chte_duett_joghurt_auf_framp252chten_ab_10monat_160g.jpg"
          },
          {
            "image_urls": [
              "https://www.edeka24.de/out/pictures/generated/product/1/224_224_90/blamp220tezeit_amp214kowindel_gramp246amp223e_5_junior_25st.jpg"
            ],
            "ItemTitle": "Blüte-Zeit Öko-Windeln Größe 5 Junior 11-16KG 25ST",
            "ItemPrice": "5,49€",
            "ItemUnit": "0,22€/st",
            "local_image_path": "Drogerie/Baby & Kleinkind/blamp220tezeit_amp214kowindel_gramp246amp223e_5_junior_25st.jpg"
          },
          {
            "image_urls": [
              "https://www.edeka24.de/out/pictures/generated/product/1/224_224_90/edeka_elkos_babyglamp252ck_wundschutzcreme_100ml.jpg"
            ],
            "ItemTitle": "elkos Babyglück Wundschutzcreme 100ML",
            "ItemPrice": "2,29€",
            "ItemUnit": "22,90€/l",
            "local_image_path": "Drogerie/Baby & Kleinkind/edeka_elkos_babyglamp252ck_wundschutzcreme_100ml.jpg"
          },
          {
            "image_urls": [
              "https://www.edeka24.de/out/pictures/generated/product/1/224_224_90/hippiskiwibirnban.jpg"
            ],
            "ItemTitle": "Hipp Bio Hippis Kiwi in Birne-Banane 100G",
            "ItemPrice": "1,19€",
            "ItemUnit": "11,90€/kg",
            "local_image_path": "Bio-Produkte/Bio Marken/hippiskiwibirnban.jpg"
          },
          {
            "image_urls": [
              "https://www.edeka24.de/out/pictures/generated/product/1/224_224_90/pampers_premium_protection_new_baby_windeln_gr2_48kg_single_pack_30st.jpg"
            ],
            "ItemTitle": "Pampers Premium Protection 2 4-8KG 30ST",
            "ItemPrice": "6,99€",
            "ItemUnit": "0,23€/st",
            "local_image_path": "Drogerie/Baby & Kleinkind/pampers_premium_protection_new_baby_windeln_gr2_48kg_single_pack_30st.jpg"
          },
          {
            "image_urls": [
              "https://www.edeka24.de/out/pictures/generated/product/1/224_224_90/bio_hipp_rote_traube_in_apfel_mit_eisen_ab_6monat_05l.jpg"
            ],
            "ItemTitle": "Hipp Bio Rote Traube in Apfel mit Eisen ab 6.Monat 0,5L",
            "ItemPrice": "1,59€",
            "ItemUnit": "3,18€/l",
            "local_image_path": "Bio-Produkte/Bio Marken/bio_hipp_rote_traube_in_apfel_mit_eisen_ab_6monat_05l.jpg"
          },
          {
            "image_urls": [
              "https://www.edeka24.de/out/pictures/generated/product/1/224_224_90/bio_hipp_urkorndinos_ab_1_jahr_30g.jpg"
            ],
            "ItemTitle": "Bio Hipp Urkorn-Dinos ab 1 Jahr 30G",
            "ItemPrice": "1,19€",
            "ItemUnit": "39,67€/kg",
            "local_image_path": "Drogerie/Baby & Kleinkind/bio_hipp_urkorndinos_ab_1_jahr_30g.jpg"
          },
          {
            "image_urls": [
              "https://www.edeka24.de/out/pictures/generated/product/1/224_224_90/hippgemfleipfakarterb.jpg"
            ],
            "ItemTitle": "Hipp Bio Gemüse-Fleischpfanne mit Kartoffelwürfeln und Erbsen ab 1+ Jahr 250G",
            "ItemPrice": "1,99€",
            "ItemUnit": "7,96€/kg",
            "local_image_path": "Bio-Produkte/Bio Marken/hippgemfleipfakarterb.jpg"
          },
          {
            "image_urls": [
              "https://www.edeka24.de/out/pictures/generated/product/1/224_224_90/bio_edeka_gemamp252se_mit_kartoffelnampamprind_ab_dem_12monat_250g.jpg"
            ],
            "ItemTitle": "EDEKA Bio Gemüse mit Kartoffeln & Rind ab dem 12.Monat 250G",
            "ItemPrice": "1,49€",
            "ItemUnit": "5,96€/kg",
            "local_image_path": "Bio-Produkte/Bio Marken/bio_edeka_gemamp252se_mit_kartoffelnampamprind_ab_dem_12monat_250g.jpg"
          },
          {
            "image_urls": [
              "https://www.edeka24.de/out/pictures/generated/product/1/224_224_90/bio_hipp_famp252r_kinder_knabber_sternchen_mit_apfel_orange_und_johannisbeere_ab_1_30g.jpg"
            ],
            "ItemTitle": "Hipp Bio für Kinder Knabber Sternchen mit Apfel, Orange und Johannisbeere ab 1+ 30G",
            "ItemPrice": "1,19€",
            "ItemUnit": "39,67€/kg",
            "local_image_path": "Bio-Produkte/Bio Marken/bio_hipp_famp252r_kinder_knabber_sternchen_mit_apfel_orange_und_johannisbeere_ab_1_30g.jpg"
          },
          {
            "image_urls": [
              "https://www.edeka24.de/out/pictures/generated/product/1/224_224_90/edeka_elkos_babyglamp252ck_dusche_ampamp_shampoo_250ml.jpg"
            ],
            "ItemTitle": "elkos Babyglück Dusche & Shampoo 250ML",
            "ItemPrice": "1,59€",
            "ItemUnit": "6,36€/l",
            "local_image_path": "Drogerie/Baby & Kleinkind/edeka_elkos_babyglamp252ck_dusche_ampamp_shampoo_250ml.jpg"
          },
          {
            "image_urls": [
              "https://www.edeka24.de/out/pictures/generated/product/1/224_224_90/bio_hipp_direktsaft_karotte_ab_dem_5monat_033l.jpg"
            ],
            "ItemTitle": "Hipp Bio Direktsaft Karotte ab dem 5.Monat 0,33L",
            "ItemPrice": "1,79€",
            "ItemUnit": "5,42€/l",
            "local_image_path": "Bio-Produkte/Bio Marken/bio_hipp_direktsaft_karotte_ab_dem_5monat_033l.jpg"
          },
          {
            "image_urls": [
              "https://www.edeka24.de/out/pictures/generated/product/1/224_224_90/hipp_babysanft_zart_pflegend_feuchttcher_4x_56_stck.jpg"
            ],
            "ItemTitle": "Hipp Babysanft Zart Pflegend Feuchttücher 4x 56ST",
            "ItemPrice": "4,79€",
            "ItemUnit": "0,02€/st",
            "local_image_path": "Drogerie/Baby & Kleinkind/hipp_babysanft_zart_pflegend_feuchttcher_4x_56_stck.jpg"
          },
          {
            "image_urls": [
              "https://www.edeka24.de/out/pictures/generated/product/1/224_224_90/bio_hipp_reiswaffeln_apfel_ab_8monat_30g.jpg"
            ],
            "ItemTitle": "Hipp Bio Reiswaffeln Apfel ab 8.Monat 30G",
            "ItemPrice": "1,19€",
            "ItemUnit": "39,67€/kg",
            "local_image_path": "Bio-Produkte/Bio Marken/bio_hipp_reiswaffeln_apfel_ab_8monat_30g.jpg"
          },
          {
            "image_urls": [
              "https://www.edeka24.de/out/pictures/generated/product/1/224_224_90/bamp252bchen_baby_wundschutz_creme_sensitiv_famp252r_zarte_babyhaut_150ml.jpg"
            ],
            "ItemTitle": "Bübchen Baby Wundschutz Creme Sensitiv 150ML",
            "ItemPrice": "2,29€",
            "ItemUnit": "15,27€/l",
            "local_image_path": "Drogerie/Baby & Kleinkind/bamp252bchen_baby_wundschutz_creme_sensitiv_famp252r_zarte_babyhaut_150ml.jpg"
          },
          {
            "image_urls": [
              "https://www.edeka24.de/out/pictures/generated/product/1/224_224_90/edeka_elkos_babyglamp252ck_windeln_gr5_junior_34st.jpg"
            ],
            "ItemTitle": "elkos Babyglück Premium Windeln 5+ Junior 12-17KG 34ST",
            "ItemPrice": "5,99€",
            "ItemUnit": "0,18€/st",
            "local_image_path": "Drogerie/Baby & Kleinkind/edeka_elkos_babyglamp252ck_windeln_gr5_junior_34st.jpg"
          },
          {
            "image_urls": [
              "https://www.edeka24.de/out/pictures/generated/product/1/224_224_90/hippgartgemput.jpg"
            ],
            "ItemTitle": "Hipp Bio Gartengemüse mit Bio-Pute und Rosmarin ab 1+ Jahr 250G",
            "ItemPrice": "1,99€",
            "ItemUnit": "7,96€/kg",
            "local_image_path": "Bio-Produkte/Bio Marken/hippgartgemput.jpg"
          },
          {
            "image_urls": [
              "https://www.edeka24.de/out/pictures/generated/product/1/224_224_90/alnatura_bio_msli_kekse_ab_15_monat_125g.jpg"
            ],
            "ItemTitle": "Alnatura Bio Müsli Kekse ab 15. Monat 125G",
            "ItemPrice": "1,79€",
            "ItemUnit": "14,32€/kg",
            "local_image_path": "Drogerie/Baby & Kleinkind/alnatura_bio_msli_kekse_ab_15_monat_125g.jpg"
          },
          {
            "image_urls": [
              "https://www.edeka24.de/out/pictures/generated/product/1/224_224_90/aptamil_3_800g.jpg"
            ],
            "ItemTitle": "Aptamil Pronutra 3 ab dem 10. Monat 800G",
            "ItemPrice": "18,99€",
            "ItemUnit": "23,74€/kg",
            "local_image_path": "Drogerie/Baby & Kleinkind/aptamil_3_800g.jpg"
          },
          {
            "image_urls": [
              "https://www.edeka24.de/out/pictures/generated/product/1/224_224_90/edeka_elkos_baby_glck_windeln_gr3_midi_46st.jpg"
            ],
            "ItemTitle": "elkos Baby Premium Glück Windeln 3 Midi 5-9KG 46ST",
            "ItemPrice": "5,99€",
            "ItemUnit": "0,13€/st",
            "local_image_path": "Drogerie/Baby & Kleinkind/edeka_elkos_baby_glck_windeln_gr3_midi_46st.jpg"
          }
        ]
      }
    ]
  },
  {
    "CategoryTitle": "Wein/ Spirituosen",
    "Subcategories": [
      {
        "subcategoryTitle": "Sekt-Prosecco",
        "productItems": [
          {
            "image_urls": [
              "https://www.edeka24.de/out/pictures/generated/product/1/224_224_90/grand-plaisir-champagner-brut.jpg"
            ],
            "ItemTitle": "Grand Plaisir Champagner Brut 0,75L",
            "ItemPrice": "17,99€",
            "ItemUnit": "23,99€/l",
            "local_image_path": "Wein/ Spirituosen/Sekt-Prosecco/grand-plaisir-champagner-brut.jpg"
          },
          {
            "image_urls": [
              "https://www.edeka24.de/out/pictures/generated/product/1/224_224_90/finca_de_la_vega_cava_seco.jpg"
            ],
            "ItemTitle": "Finca de la Vega Cava Seco 0,75L",
            "ItemPrice": "4,49€",
            "ItemUnit": "5,99€/l",
            "local_image_path": "Wein/ Spirituosen/Sekt-Prosecco/finca_de_la_vega_cava_seco.jpg"
          },
          {
            "image_urls": [
              "https://www.edeka24.de/out/pictures/generated/product/1/224_224_90/mionetto-prosecco-doc-treviso-brut.jpg"
            ],
            "ItemTitle": "Mionetto Prosecco Spumante DOC Treviso Brut 0,75L",
            "ItemSalePrice": "7,49€",
            "ItemUnit": "9,99€/l",
            "local_image_path": "Angebote/default_subcategory/mionetto-prosecco-doc-treviso-brut.jpg"
          },
          {
            "image_urls": [
              "https://www.edeka24.de/out/pictures/generated/product/1/224_224_90/zonprosspum.jpg"
            ],
            "ItemTitle": "Zonin Prosecco Spumante DOC Brut 0,75L",
            "ItemSalePrice": "7,99€",
            "ItemUnit": "10,65€/l",
            "local_image_path": "Wein/ Spirituosen/Sekt-Prosecco/zonprosspum.jpg"
          },
          {
            "image_urls": [
              "https://www.edeka24.de/out/pictures/generated/product/1/224_224_90/light_live_sprizz_alkfr075l.jpg"
            ],
            "ItemTitle": "Schloss Wachenheim Light Live Sprizz alkoholfrei 0,75L",
            "ItemPrice": "3,79€",
            "ItemUnit": "5,05€/l",
            "local_image_path": "Wein/ Spirituosen/Sekt-Prosecco/light_live_sprizz_alkfr075l.jpg"
          },
          {
            "image_urls": [
              "https://www.edeka24.de/out/pictures/generated/product/1/224_224_90/1343.png"
            ],
            "ItemTitle": "Mumm Extra Dry Jahrgangssekt Extra Trocken 0,75L",
            "ItemPrice": "6,99€",
            "ItemUnit": "9,32€/l",
            "local_image_path": "Wein/ Spirituosen/Sekt-Prosecco/1343.png"
          },
          {
            "image_urls": [
              "https://www.edeka24.de/out/pictures/generated/product/1/224_224_90/shnlein_brillant_sekt_wei_halbtrocken_075_ltr.jpg"
            ],
            "ItemTitle": "Söhnlein Brillant Sekt weiß halbtrocken 0,75L",
            "ItemPrice": "4,49€",
            "ItemUnit": "5,99€/l",
            "local_image_path": "Wein/ Spirituosen/Sekt-Prosecco/shnlein_brillant_sekt_wei_halbtrocken_075_ltr.jpg"
          },
          {
            "image_urls": [
              "https://www.edeka24.de/out/pictures/generated/product/1/224_224_90/lineavini_prosecco_blu_secco_igt.jpg"
            ],
            "ItemTitle": "Lineavini Prosecco Blu secco 0,75L",
            "ItemPrice": "6,49€",
            "ItemUnit": "8,65€/l",
            "local_image_path": "Wein/ Spirituosen/Sekt-Prosecco/lineavini_prosecco_blu_secco_igt.jpg"
          },
          {
            "image_urls": [
              "https://www.edeka24.de/out/pictures/generated/product/1/224_224_90/superb-sekt-brut.jpg"
            ],
            "ItemTitle": "Schlossberg Sektkellerei Superb Sekt Brut 0,75L",
            "ItemPrice": "6,79€",
            "ItemUnit": "9,05€/l",
            "local_image_path": "Wein/ Spirituosen/Sekt-Prosecco/superb-sekt-brut.jpg"
          },
          {
            "image_urls": [
              "https://www.edeka24.de/out/pictures/generated/product/1/224_224_90/light_live_hugo_alkfr075l.jpg"
            ],
            "ItemTitle": "Schloss Wachenheim Light Live Hugo alkoholfrei 0,75L",
            "ItemSalePrice": "3,49€",
            "ItemUnit": "4,65€/l",
            "local_image_path": "Wein/ Spirituosen/Sekt-Prosecco/light_live_hugo_alkfr075l.jpg"
          },
          {
            "image_urls": [
              "https://www.edeka24.de/out/pictures/generated/product/1/224_224_90/rotkppchen_sekt_trocken.jpg"
            ],
            "ItemTitle": "Rotkäppchen Sekt trocken 0,75L",
            "ItemPrice": "4,29€",
            "ItemUnit": "5,72€/l",
            "local_image_path": "Wein/ Spirituosen/Sekt-Prosecco/rotkppchen_sekt_trocken.jpg"
          },
          {
            "image_urls": [
              "https://www.edeka24.de/out/pictures/generated/product/1/224_224_90/3438931005134.png"
            ],
            "ItemTitle": "Veuve Amiot Cremant de Loire Brut 0,75L",
            "ItemPrice": "7,49€",
            "ItemUnit": "9,99€/l",
            "local_image_path": "Wein/ Spirituosen/Sekt-Prosecco/3438931005134.png"
          },
          {
            "image_urls": [
              "https://www.edeka24.de/out/pictures/generated/product/1/224_224_90/geldermann-superb-trocken.jpg"
            ],
            "ItemTitle": "Schlossberg Sektkellerei Superb Sekt Trocken 0,75L",
            "ItemPrice": "6,79€",
            "ItemUnit": "9,05€/l",
            "local_image_path": "Wein/ Spirituosen/Sekt-Prosecco/geldermann-superb-trocken.jpg"
          },
          {
            "image_urls": [
              "https://www.edeka24.de/out/pictures/generated/product/1/224_224_90/freixenetsektcavasemiseco.jpg"
            ],
            "ItemTitle": "Freixenet Cava Carta Nevada Semi Seco 0,75L",
            "ItemSalePrice": "4,49€",
            "ItemUnit": "5,99€/l",
            "local_image_path": "Wein/ Spirituosen/Sekt-Prosecco/freixenetsektcavasemiseco.jpg"
          },
          {
            "image_urls": [
              "https://www.edeka24.de/out/pictures/generated/product/1/224_224_90/villa_nau_riesling_sekt_extra_trocken_075l.jpg"
            ],
            "ItemTitle": "Villa Nau Riesling Sekt extra trocken 0,75L",
            "ItemPrice": "4,99€",
            "ItemUnit": "6,65€/l",
            "local_image_path": "Wein/ Spirituosen/Sekt-Prosecco/villa_nau_riesling_sekt_extra_trocken_075l.jpg"
          },
          {
            "image_urls": [
              "https://www.edeka24.de/out/pictures/generated/product/1/224_224_90/245.jpg"
            ],
            "ItemTitle": "Jules Mumm Rosé Sekt 0,75L",
            "ItemPrice": "5,79€",
            "ItemUnit": "7,72€/l",
            "local_image_path": "Wein/ Spirituosen/Sekt-Prosecco/245.jpg"
          },
          {
            "image_urls": [
              "https://www.edeka24.de/out/pictures/generated/product/1/224_224_90/4011900670015_mu_dryalkoholfrei_bt_075l_ve.jpg"
            ],
            "ItemTitle": "Mumm Dry Jahrgang alkoholfrei trocken 0,75L",
            "ItemPrice": "6,99€",
            "ItemUnit": "9,32€/l",
            "local_image_path": "Wein/ Spirituosen/Sekt-Prosecco/4011900670015_mu_dryalkoholfrei_bt_075l_ve.jpg"
          },
          {
            "image_urls": [
              "https://www.edeka24.de/out/pictures/generated/product/1/224_224_90/mumm_rose_dry_jahrgangssekt_075l.jpg"
            ],
            "ItemTitle": "Mumm Rosé Dry Jahrgangssekt trocken 0,75l",
            "ItemPrice": "6,99€",
            "ItemUnit": "9,32€/l",
            "local_image_path": "Wein/ Spirituosen/Sekt-Prosecco/mumm_rose_dry_jahrgangssekt_075l.jpg"
          },
          {
            "image_urls": [
              "https://www.edeka24.de/out/pictures/generated/product/1/224_224_90/grand_plaisir_champagne_brut_rose_075_ltr.jpg"
            ],
            "ItemTitle": "Grand Plaisir Champagne Brut Rosé 0,75L",
            "ItemPrice": "19,99€",
            "ItemUnit": "26,65€/l",
            "local_image_path": "Wein/ Spirituosen/Sekt-Prosecco/grand_plaisir_champagne_brut_rose_075_ltr.jpg"
          },
          {
            "image_urls": [
              "https://www.edeka24.de/out/pictures/generated/product/1/224_224_90/schloss_knigstein_sekt_rot.jpg"
            ],
            "ItemTitle": "Schloss Königstein Sekt rot 0,6L",
            "ItemPrice": "3,79€",
            "ItemUnit": "6,32€/l",
            "local_image_path": "Wein/ Spirituosen/Sekt-Prosecco/schloss_knigstein_sekt_rot.jpg"
          },
          {
            "image_urls": [
              "https://www.edeka24.de/out/pictures/generated/product/1/224_224_90/rotkppchen_ros_alkoholfrei.jpg"
            ],
            "ItemTitle": "Rotkäppchen Rosé alkoholfrei 0,75L",
            "ItemPrice": "5,29€",
            "ItemUnit": "7,05€/l",
            "local_image_path": "Wein/ Spirituosen/Sekt-Prosecco/rotkppchen_ros_alkoholfrei.jpg"
          },
          {
            "image_urls": [
              "https://www.edeka24.de/out/pictures/generated/product/1/224_224_90/laessigersecco.jpg"
            ],
            "ItemTitle": "Laessiger Secco Rose extra trocken 0,75L",
            "ItemSalePrice": "4,50€",
            "ItemUnit": "6,00€/l",
            "local_image_path": "Lebensmittel/Würzmittel & Brühen/laessigersecco.jpg"
          },
          {
            "image_urls": [
              "https://www.edeka24.de/out/pictures/generated/product/1/224_224_90/unbenannt(16).png"
            ],
            "ItemTitle": "Mumm  Dry Jahrgangssekt Trocken 0,75L",
            "ItemPrice": "6,99€",
            "ItemUnit": "9,32€/l",
            "local_image_path": "Wein/ Spirituosen/Sekt-Prosecco/unbenannt(16).png"
          },
          {
            "image_urls": [
              "https://www.edeka24.de/out/pictures/generated/product/1/224_224_90/bio_alnatura_prosecco_doc_075l.jpg"
            ],
            "ItemTitle": "Alnatura Bio Prosecco D.O.C 0,75L",
            "ItemPrice": "6,29€",
            "ItemUnit": "8,39€/l",
            "local_image_path": "Wein/ Spirituosen/Sekt-Prosecco/bio_alnatura_prosecco_doc_075l.jpg"
          },
          {
            "image_urls": [
              "https://www.edeka24.de/out/pictures/generated/product/1/224_224_90/743026-durbacher-edelmann-sekt-b.a.png"
            ],
            "ItemTitle": "Durbacher Edelmann Sekt trocken 0,75L",
            "ItemPrice": "7,49€",
            "ItemUnit": "9,99€/l",
            "local_image_path": "Wein/ Spirituosen/Sekt-Prosecco/743026-durbacher-edelmann-sekt-b.a.png"
          },
          {
            "image_urls": [
              "https://www.edeka24.de/out/pictures/generated/product/1/224_224_90/9211100schlossmunzingenyounglinebrut.jpg"
            ],
            "ItemTitle": "Schloss Munzingen Sekt Brut 0,75l",
            "ItemPrice": "5,49€",
            "ItemUnit": "7,32€/l",
            "local_image_path": "Wein/ Spirituosen/Sekt-Prosecco/9211100schlossmunzingenyounglinebrut.jpg"
          },
          {
            "image_urls": [
              "https://www.edeka24.de/out/pictures/generated/product/1/224_224_90/finca_de_la_vega_cava_semi_seco.jpg"
            ],
            "ItemTitle": "Finca de la Vega Cava Semi Seco 0,75L",
            "ItemPrice": "4,79€",
            "ItemUnit": "6,39€/l",
            "local_image_path": "Wein/ Spirituosen/Sekt-Prosecco/finca_de_la_vega_cava_semi_seco.jpg"
          },
          {
            "image_urls": [
              "https://www.edeka24.de/out/pictures/generated/product/1/224_224_90/mot_amp_chandon_champagner_brut_imperial_075l.jpg"
            ],
            "ItemTitle": "Moët & Chandon Champagner Brut Imperial 0,75L",
            "ItemPrice": "44,99€",
            "ItemUnit": "59,99€/l",
            "local_image_path": "Fürs Büro/default_subcategory/mot_amp_chandon_champagner_brut_imperial_075l.jpg"
          },
          {
            "image_urls": [
              "https://www.edeka24.de/out/pictures/generated/product/1/224_224_90/89901rieslingsektbrutfl.grung_4004850028999.jpg"
            ],
            "ItemTitle": "Kloster Eberbach Riesling Sekt Brut Flaschengärung 2020 0,75L",
            "ItemPrice": "11,49€",
            "ItemUnit": "15,32€/l",
            "local_image_path": "Wein/ Spirituosen/Sekt-Prosecco/89901rieslingsektbrutfl.grung_4004850028999.jpg"
          },
          {
            "image_urls": [
              "https://www.edeka24.de/out/pictures/generated/product/1/224_224_90/freixenet_00_alkoholfrei_075l.jpg"
            ],
            "ItemTitle": "Freixenet 0,0% Alkoholfrei 0,75L",
            "ItemSalePrice": "4,49€",
            "ItemUnit": "5,99€/l",
            "local_image_path": "Angebote/default_subcategory/freixenet_00_alkoholfrei_075l.jpg"
          },
          {
            "image_urls": [
              "https://www.edeka24.de/out/pictures/generated/product/1/224_224_90/giolano_prosecco_frizzante_doc_075l.jpg"
            ],
            "ItemTitle": "Giolano Prosecco Frizzante DOC 0,75L",
            "ItemPrice": "5,99€",
            "ItemUnit": "7,99€/l",
            "local_image_path": "Wein/ Spirituosen/Sekt-Prosecco/giolano_prosecco_frizzante_doc_075l.jpg"
          },
          {
            "image_urls": [
              "https://www.edeka24.de/out/pictures/generated/product/1/224_224_90/mionetto_prosecco_ros_millesimato_doc_075l.jpg"
            ],
            "ItemTitle": "Mionetto Prosecco Rosé Millesimato DOC 0,75L",
            "ItemPrice": "9,99€",
            "ItemUnit": "13,32€/l",
            "local_image_path": "Wein/ Spirituosen/Sekt-Prosecco/mionetto_prosecco_ros_millesimato_doc_075l.jpg"
          },
          {
            "image_urls": [
              "https://www.edeka24.de/out/pictures/generated/product/1/224_224_90/rotkppchen_riesling_sekt_trocken_flaschengrung.jpg"
            ],
            "ItemTitle": "Rotkäppchen Riesling Sekt trocken Flaschengärung 0,75L",
            "ItemPrice": "5,99€",
            "ItemUnit": "7,99€/l",
            "local_image_path": "Wein/ Spirituosen/Sekt-Prosecco/rotkppchen_riesling_sekt_trocken_flaschengrung.jpg"
          },
          {
            "image_urls": [
              "https://www.edeka24.de/out/pictures/generated/product/1/224_224_90/todaynamequeen.jpg"
            ],
            "ItemTitle": "Today my name is Queen Roter Perlwein 0,75L",
            "ItemPrice": "9,49€",
            "ItemUnit": "12,65€/l",
            "local_image_path": "Wein/ Spirituosen/Sekt-Prosecco/todaynamequeen.jpg"
          },
          {
            "image_urls": [
              "https://www.edeka24.de/out/pictures/generated/product/1/224_224_90/shnlein_brillant_rose_075l.jpg"
            ],
            "ItemTitle": "Söhnlein Brillant Sekt Rosé trocken 0,75L",
            "ItemPrice": "4,49€",
            "ItemUnit": "5,99€/l",
            "local_image_path": "Wein/ Spirituosen/Sekt-Prosecco/shnlein_brillant_rose_075l.jpg"
          },
          {
            "image_urls": [
              "https://www.edeka24.de/out/pictures/generated/product/1/224_224_90/campari_soda_10_50098l.jpg"
            ],
            "ItemTitle": "Campari Soda 5x 98ML",
            "ItemPrice": "6,49€",
            "ItemUnit": "13,24€/l",
            "local_image_path": "Wein/ Spirituosen/Sekt-Prosecco/campari_soda_10_50098l.jpg"
          },
          {
            "image_urls": [
              "https://www.edeka24.de/out/pictures/generated/product/1/224_224_90/moet_ampamp_chandon_champagne_brut_imperial_rose_non_vintage_075l.jpg"
            ],
            "ItemTitle": "Moet & Chandon Champagne Brut Imperial Rose 0,75L",
            "ItemPrice": "55,99€",
            "ItemUnit": "74,65€/l",
            "local_image_path": "Wein/ Spirituosen/Sekt-Prosecco/moet_ampamp_chandon_champagne_brut_imperial_rose_non_vintage_075l.jpg"
          },
          {
            "image_urls": [
              "https://www.edeka24.de/out/pictures/generated/product/1/224_224_90/freixenet_ice_rose_semi_seco_075_ltr.jpg"
            ],
            "ItemTitle": "Freixenet Ice Rose Semi Seco 0,75L",
            "ItemPrice": "8,49€",
            "ItemUnit": "11,32€/l",
            "local_image_path": "Wein/ Spirituosen/Sekt-Prosecco/freixenet_ice_rose_semi_seco_075_ltr.jpg"
          },
          {
            "image_urls": [
              "https://www.edeka24.de/out/pictures/generated/product/1/224_224_90/9191100schlossmunzingenyounglinerostrocken.jpg"
            ],
            "ItemTitle": "Schloss Munzingen Sekt Rosé Trocken 0,75L",
            "ItemPrice": "5,49€",
            "ItemUnit": "7,32€/l",
            "local_image_path": "Wein/ Spirituosen/Sekt-Prosecco/9191100schlossmunzingenyounglinerostrocken.jpg"
          },
          {
            "image_urls": [
              "https://www.edeka24.de/out/pictures/generated/product/1/224_224_90/famp252rst_von_metternich_riesling_sekt_brut_075l.jpg"
            ],
            "ItemTitle": "Fürst von Metternich Riesling Sekt Brut 0,75L",
            "ItemPrice": "9,49€",
            "ItemUnit": "12,65€/l",
            "local_image_path": "Wein/ Spirituosen/Sekt-Prosecco/famp252rst_von_metternich_riesling_sekt_brut_075l.jpg"
          },
          {
            "image_urls": [
              "https://www.edeka24.de/out/pictures/generated/product/1/224_224_90/kessler-hochgewaechs-rose.jpg"
            ],
            "ItemTitle": "Kessler Hochgewächs Rosé Sekt 0,75L",
            "ItemPrice": "14,99€",
            "ItemUnit": "19,99€/l",
            "local_image_path": "Wein/ Spirituosen/Sekt-Prosecco/kessler-hochgewaechs-rose.jpg"
          },
          {
            "image_urls": [
              "https://www.edeka24.de/out/pictures/generated/product/1/224_224_90/bernardmassard_sekt_riesling_brut_075l.jpg"
            ],
            "ItemTitle": "Bernard Massard Riesling Sekt Brut 0,75L",
            "ItemPrice": "8,49€",
            "ItemUnit": "11,32€/l",
            "local_image_path": "Wein/ Spirituosen/Sekt-Prosecco/bernardmassard_sekt_riesling_brut_075l.jpg"
          },
          {
            "image_urls": [
              "https://www.edeka24.de/out/pictures/generated/product/1/224_224_90/henkell-trocken-750ml_2016.jpg"
            ],
            "ItemTitle": "Henkell Sekt trocken 0,75L",
            "ItemPrice": "5,79€",
            "ItemUnit": "7,72€/l",
            "local_image_path": "Wein/ Spirituosen/Spirituosen/highland_park_18_jahre_single_malt_whisky.jpg"
          },
          {
            "image_urls": [
              "https://www.edeka24.de/out/pictures/generated/product/1/224_224_90/superb-sekt-extratrocken.jpg"
            ],
            "ItemTitle": "Schlossberg Sektkellerei Superb Sekt Extra Trocken 0,75L",
            "ItemPrice": "6,79€",
            "ItemUnit": "9,05€/l",
            "local_image_path": "Wein/ Spirituosen/Sekt-Prosecco/superb-sekt-extratrocken.jpg"
          },
          {
            "image_urls": [
              "https://www.edeka24.de/out/pictures/generated/product/1/224_224_90/arthur-metz-brut.jpg"
            ],
            "ItemTitle": "Arthur Metz Cremant d'Alsace Brut 0,75L",
            "ItemPrice": "10,99€",
            "ItemUnit": "14,65€/l",
            "local_image_path": "Wein/ Spirituosen/Sekt-Prosecco/arthur-metz-brut.jpg"
          },
          {
            "image_urls": [
              "https://www.edeka24.de/out/pictures/generated/product/1/224_224_90/henkell_alkoholfrei_075l.jpg"
            ],
            "ItemTitle": "Henkell Alkoholfrei 0,75L",
            "ItemPrice": "5,79€",
            "ItemUnit": "7,72€/l",
            "local_image_path": "Wein/ Spirituosen/Sekt-Prosecco/henkell_alkoholfrei_075l.jpg"
          },
          {
            "image_urls": [
              "https://www.edeka24.de/out/pictures/generated/product/1/224_224_90/superb_rose_075l.jpg"
            ],
            "ItemTitle": "Schlossberg Sektkellerei Superb Sekt Rose 0,75L",
            "ItemPrice": "6,79€",
            "ItemUnit": "9,05€/l",
            "local_image_path": "Wein/ Spirituosen/Sekt-Prosecco/superb_rose_075l.jpg"
          },
          {
            "image_urls": [
              "https://www.edeka24.de/out/pictures/generated/product/1/224_224_90/frst_von_metternich_chardonnay_sekt_trocken.jpg"
            ],
            "ItemTitle": "Fürst von Metternich Chardonnay Sekt trocken 0,75L",
            "ItemPrice": "9,49€",
            "ItemUnit": "12,65€/l",
            "local_image_path": "Wein/ Spirituosen/Sekt-Prosecco/frst_von_metternich_chardonnay_sekt_trocken.jpg"
          },
          {
            "image_urls": [
              "https://www.edeka24.de/out/pictures/generated/product/1/224_224_90/freixenetcartrot.jpg"
            ],
            "ItemTitle": "Freixenet Cava Rotina Semi Seco 0,75L",
            "ItemSalePrice": "4,49€",
            "ItemUnit": "5,99€/l",
            "local_image_path": "Angebote/default_subcategory/freixenetcartrot.jpg"
          },
          {
            "image_urls": [
              "https://www.edeka24.de/out/pictures/generated/product/1/224_224_90/234.jpg"
            ],
            "ItemTitle": "Jules Mumm Medium Dry Sekt 0,75L",
            "ItemPrice": "5,79€",
            "ItemUnit": "7,72€/l",
            "local_image_path": "Wein/ Spirituosen/Sekt-Prosecco/234.jpg"
          },
          {
            "image_urls": [
              "https://www.edeka24.de/out/pictures/generated/product/1/224_224_90/geldermann_classique_075l.jpg"
            ],
            "ItemTitle": "Geldermann Sekt Classique trocken 0,75L",
            "ItemPrice": "10,49€",
            "ItemUnit": "13,99€/l",
            "local_image_path": "Wein/ Spirituosen/Sekt-Prosecco/geldermann_classique_075l.jpg"
          },
          {
            "image_urls": [
              "https://www.edeka24.de/out/pictures/generated/product/1/224_224_90/7e44af12166b7c806.43285241-3263287626029_iq.jpg"
            ],
            "ItemTitle": "Brut Dargent Chardonnay Sekt 0,75L",
            "ItemPrice": "8,49€",
            "ItemUnit": "11,32€/l",
            "local_image_path": "Wein/ Spirituosen/Sekt-Prosecco/7e44af12166b7c806.43285241-3263287626029_iq.jpg"
          },
          {
            "image_urls": [
              "https://www.edeka24.de/out/pictures/generated/product/1/224_224_90/9221100schlossmunzingenyounglinetrocken.jpg"
            ],
            "ItemTitle": "Schloss Munzingen Sekt Trocken 0,75L",
            "ItemPrice": "5,49€",
            "ItemUnit": "7,32€/l",
            "local_image_path": "Wein/ Spirituosen/Sekt-Prosecco/9221100schlossmunzingenyounglinetrocken.jpg"
          },
          {
            "image_urls": [
              "https://www.edeka24.de/out/pictures/generated/product/1/224_224_90/philippe_de_lonsac_champagner_brut_premium_075l.jpg"
            ],
            "ItemTitle": "Philippe de Lonsac Champagner Brut Premium 0,75l",
            "ItemPrice": "23,99€",
            "ItemUnit": "31,99€/l",
            "local_image_path": "Wein/ Spirituosen/Sekt-Prosecco/philippe_de_lonsac_champagner_brut_premium_075l.jpg"
          },
          {
            "image_urls": [
              "https://www.edeka24.de/out/pictures/generated/product/1/224_224_90/rotkppchen_sekt_rubin_halbtrocken.jpg"
            ],
            "ItemTitle": "Rotkäppchen Sekt Rubin halbtrocken 0,75L",
            "ItemPrice": "5,29€",
            "ItemUnit": "7,05€/l",
            "local_image_path": "Wein/ Spirituosen/Sekt-Prosecco/rotkppchen_sekt_rubin_halbtrocken.jpg"
          },
          {
            "image_urls": [
              "https://www.edeka24.de/out/pictures/generated/product/1/224_224_90/freixenet_cava_carta_nevada_extra_dry_075_ltr.jpg"
            ],
            "ItemTitle": "Freixenet Cava Carta Nevada Extra Dry 0,75L",
            "ItemSalePrice": "4,49€",
            "ItemUnit": "5,99€/l",
            "local_image_path": "Angebote/default_subcategory/freixenet_cava_carta_nevada_extra_dry_075_ltr.jpg"
          },
          {
            "image_urls": [
              "https://www.edeka24.de/out/pictures/generated/product/1/224_224_90/shnlein_brillant_sekt_trocken.jpg"
            ],
            "ItemTitle": "Söhnlein Brillant Sekt trocken 0,75L",
            "ItemPrice": "4,49€",
            "ItemUnit": "5,99€/l",
            "local_image_path": "Wein/ Spirituosen/Sekt-Prosecco/shnlein_brillant_sekt_trocken.jpg"
          },
          {
            "image_urls": [
              "https://www.edeka24.de/out/pictures/generated/product/1/224_224_90/brut_dargent_l039orangerie_spritz_075l.jpg"
            ],
            "ItemTitle": "Brut Dargent L'Orangerie Spritz 0,75L",
            "ItemPrice": "8,49€",
            "ItemUnit": "11,32€/l",
            "local_image_path": "Wein/ Spirituosen/Sekt-Prosecco/brut_dargent_l039orangerie_spritz_075l.jpg"
          },
          {
            "image_urls": [
              "https://www.edeka24.de/out/pictures/generated/product/1/224_224_90/durbedelmsekt_rose_tr075l.jpg"
            ],
            "ItemTitle": "Durbacher Edelmann Rosé Sekt 0,75L",
            "ItemPrice": "7,49€",
            "ItemUnit": "9,99€/l",
            "local_image_path": "Wein/ Spirituosen/Roséweine/durbedelmsekt_rose_tr075l.jpg"
          },
          {
            "image_urls": [
              "https://www.edeka24.de/out/pictures/generated/product/1/224_224_90/valdo_valdobbiadene_prosecco_superiore_075_ltr.jpg"
            ],
            "ItemTitle": "Valdo Valdobbiadene Prosecco Superiore 0,75L",
            "ItemPrice": "11,99€",
            "ItemUnit": "15,99€/l",
            "local_image_path": "Wein/ Spirituosen/Sekt-Prosecco/valdo_valdobbiadene_prosecco_superiore_075_ltr.jpg"
          },
          {
            "image_urls": [
              "https://www.edeka24.de/out/pictures/generated/product/1/224_224_90/frst_von_metternich_ros_sekt_trocken_075l.jpg"
            ],
            "ItemTitle": "Fürst von Metternich Rosé Sekt trocken 0,75L",
            "ItemPrice": "9,49€",
            "ItemUnit": "12,65€/l",
            "local_image_path": "Wein/ Spirituosen/Sekt-Prosecco/frst_von_metternich_ros_sekt_trocken_075l.jpg"
          },
          {
            "image_urls": [
              "https://www.edeka24.de/out/pictures/generated/product/1/224_224_90/freixenet_cava_carta_nevada_seco_075l.jpg"
            ],
            "ItemTitle": "Freixenet Cava Carta Seco 0,75L",
            "ItemSalePrice": "4,49€",
            "ItemUnit": "5,99€/l",
            "local_image_path": "Angebote/default_subcategory/freixenet_cava_carta_nevada_seco_075l.jpg"
          },
          {
            "image_urls": [
              "https://www.edeka24.de/out/pictures/generated/product/1/224_224_90/durbacherdursecco.jpg"
            ],
            "ItemTitle": "Durbacher Dursecco Rosé trocken 0,75L",
            "ItemPrice": "6,49€",
            "ItemUnit": "8,65€/l",
            "local_image_path": "Wein/ Spirituosen/Sekt-Prosecco/durbacherdursecco.jpg"
          },
          {
            "image_urls": [
              "https://www.edeka24.de/out/pictures/generated/product/1/224_224_90/bellini_di_canella_weinhaltiger_aperitif_075l.jpg"
            ],
            "ItemTitle": "Bellini di Canella weinhaltiger Aperitif 0,75l",
            "ItemPrice": "9,99€",
            "ItemUnit": "13,32€/l",
            "local_image_path": "Wein/ Spirituosen/Sekt-Prosecco/bellini_di_canella_weinhaltiger_aperitif_075l.jpg"
          },
          {
            "image_urls": [
              "https://www.edeka24.de/out/pictures/generated/product/1/224_224_90/valdo_nerello_mascalese_prosecco_brut_rose_075l.jpg"
            ],
            "ItemTitle": "Valdo Marca Oro Rosé Brut 0,75L",
            "ItemPrice": "10,99€",
            "ItemUnit": "14,65€/l",
            "local_image_path": "Wein/ Spirituosen/Sekt-Prosecco/valdo_nerello_mascalese_prosecco_brut_rose_075l.jpg"
          },
          {
            "image_urls": [
              "https://www.edeka24.de/out/pictures/generated/product/1/224_224_90/brut_dargent_ice_rose_075l.jpg"
            ],
            "ItemTitle": "Brut Dargent Ice Rosé Pinot Noir Demi Sec 0,75L",
            "ItemPrice": "8,49€",
            "ItemUnit": "11,32€/l",
            "local_image_path": "Wein/ Spirituosen/Sekt-Prosecco/brut_dargent_ice_rose_075l.jpg"
          },
          {
            "image_urls": [
              "https://www.edeka24.de/out/pictures/generated/product/1/224_224_90/llchardodry.jpg"
            ],
            "ItemTitle": "Light Live Sparkling Premium Chardonnay Dry alkoholfrei 0,75L",
            "ItemPrice": "5,29€",
            "ItemUnit": "7,05€/l",
            "local_image_path": "Wein/ Spirituosen/Sekt-Prosecco/llchardodry.jpg"
          },
          {
            "image_urls": [
              "https://www.edeka24.de/out/pictures/generated/product/1/224_224_90/2(2).jpg"
            ],
            "ItemTitle": "Geldermann Sekt Rosé trocken 0,75L",
            "ItemPrice": "10,49€",
            "ItemUnit": "13,99€/l",
            "local_image_path": "Wein/ Spirituosen/Sekt-Prosecco/2(2).jpg"
          },
          {
            "image_urls": [
              "https://www.edeka24.de/out/pictures/generated/product/1/224_224_90/champagne_louis_roederer_collection_gp_075l.jpg"
            ],
            "ItemTitle": "Louis Roederer Champagne Collection 243 GP 0,75L",
            "ItemPrice": "54,99€",
            "ItemUnit": "73,32€/l",
            "local_image_path": "Wein/ Spirituosen/Sekt-Prosecco/champagne_louis_roederer_collection_gp_075l.jpg"
          },
          {
            "image_urls": [
              "https://www.edeka24.de/out/pictures/generated/product/1/224_224_90/brut_dargent_ice_demi_sec_chardonnay.jpg"
            ],
            "ItemTitle": "Brut Dargent Ice Demi Sec Chardonnay 0,75L",
            "ItemPrice": "8,49€",
            "ItemUnit": "11,32€/l",
            "local_image_path": "Wein/ Spirituosen/Sekt-Prosecco/brut_dargent_ice_demi_sec_chardonnay.jpg"
          },
          {
            "image_urls": [
              "https://www.edeka24.de/out/pictures/generated/product/1/224_224_90/77000600durbacheredelmannrosalkoholfrei-schumendesgetrnkausalkoholfreiemwein075l.jpg"
            ],
            "ItemTitle": "Durbacher Edelmann Rosé Alkoholfrei 0,75L",
            "ItemPrice": "7,49€",
            "ItemUnit": "9,99€/l",
            "local_image_path": "Wein/ Spirituosen/Sekt-Prosecco/77000600durbacheredelmannrosalkoholfrei-schumendesgetrnkausalkoholfreiemwein075l.jpg"
          },
          {
            "image_urls": [
              "https://www.edeka24.de/out/pictures/generated/product/1/224_224_90/mionetto_il_hugo_075l.jpg"
            ],
            "ItemTitle": "Mionetto Il Hugo 0,75l",
            "ItemPrice": "5,79€",
            "ItemUnit": "7,72€/l",
            "local_image_path": "Wein/ Spirituosen/Sekt-Prosecco/mionetto_il_hugo_075l.jpg"
          },
          {
            "image_urls": [
              "https://www.edeka24.de/out/pictures/generated/product/1/224_224_90/fuert_v_mett_xtr_600_z1.jpg"
            ],
            "ItemTitle": "Fürst von Metternich Riesling Sekt extra trocken 0,75L",
            "ItemPrice": "9,49€",
            "ItemUnit": "12,65€/l",
            "local_image_path": "Wein/ Spirituosen/Spirituosen/highland_park_18_jahre_single_malt_whisky.jpg"
          },
          {
            "image_urls": [
              "https://www.edeka24.de/out/pictures/generated/product/1/224_224_90/moet_ampamp_chandon_champagne_ice_imperial_075l.jpg"
            ],
            "ItemTitle": "Moët & Chandon Champagner Ice Imperial 0,75L",
            "ItemPrice": "71,99€",
            "ItemUnit": "95,99€/l",
            "local_image_path": "Wein/ Spirituosen/Spirituosen/highland_park_18_jahre_single_malt_whisky.jpg"
          },
          {
            "image_urls": [
              "https://www.edeka24.de/out/pictures/generated/product/1/224_224_90/freixenetcordonnegro(1).jpg"
            ],
            "ItemTitle": "Freixenet Cava Cordon Negro Brut 0,75L",
            "ItemPrice": "8,49€",
            "ItemUnit": "11,32€/l",
            "local_image_path": "Wein/ Spirituosen/Spirituosen/highland_park_18_jahre_single_malt_whisky.jpg"
          },
          {
            "image_urls": [
              "https://www.edeka24.de/out/pictures/generated/product/1/224_224_90/heidsieckbluetop.jpg"
            ],
            "ItemTitle": "Heidsieck Monopole Blue Top Champagner Brut 0,75L",
            "ItemPrice": "31,99€",
            "ItemUnit": "42,65€/l",
            "local_image_path": "Wein/ Spirituosen/Sekt-Prosecco/heidsieckbluetop.jpg"
          },
          {
            "image_urls": [
              "https://www.edeka24.de/out/pictures/generated/product/1/224_224_90/owkpinotnoirsektrosee.jpg"
            ],
            "ItemTitle": "Ortenauer Weinkeller Pinot Noir Rosé Sekt trocken 0,75L",
            "ItemPrice": "7,99€",
            "ItemUnit": "10,65€/l",
            "local_image_path": "Wein/ Spirituosen/Sekt-Prosecco/owkpinotnoirsektrosee.jpg"
          },
          {
            "image_urls": [
              "https://www.edeka24.de/out/pictures/generated/product/1/224_224_90/732026-durbacher-plauelrain-riesling-sekt-b.a.png"
            ],
            "ItemTitle": "Durbacher Plauelrain Riesling Sekt extra trocken 0,75L",
            "ItemPrice": "9,49€",
            "ItemUnit": "12,65€/l",
            "local_image_path": "Wein/ Spirituosen/Weißwein/732026-durbacher-plauelrain-riesling-sekt-b.a.png"
          },
          {
            "image_urls": [
              "https://www.edeka24.de/out/pictures/generated/product/1/224_224_90/henkell-blanc-de-blancs-limited-edition-750ml_1200.jpg"
            ],
            "ItemTitle": "Henkell Blanc de Blancs Sekt trocken 0,75L",
            "ItemPrice": "5,79€",
            "ItemUnit": "7,72€/l",
            "local_image_path": "Wein/ Spirituosen/Spirituosen/highland_park_18_jahre_single_malt_whisky.jpg"
          },
          {
            "image_urls": [
              "https://www.edeka24.de/out/pictures/generated/product/1/224_224_90/go.jpg"
            ],
            "ItemTitle": "WG Bötzingen GO Rosé alkoholfrei 0,75L",
            "ItemPrice": "6,99€",
            "ItemUnit": "9,32€/l",
            "local_image_path": "Wein/ Spirituosen/Roséweine/go.jpg"
          },
          {
            "image_urls": [
              "https://www.edeka24.de/out/pictures/generated/product/1/224_224_90/rieslingsekt-brut_01_1200.jpg"
            ],
            "ItemTitle": "Ortenauer Weinkeller Sternenberg Rieslingsekt Brut 0,75L",
            "ItemPrice": "8,49€",
            "ItemUnit": "11,32€/l",
            "local_image_path": "Wein/ Spirituosen/Sekt-Prosecco/rieslingsekt-brut_01_1200.jpg"
          },
          {
            "image_urls": [
              "https://www.edeka24.de/out/pictures/generated/product/1/224_224_90/4400066903530_rk_sekt_halbtrocken-075l.jpg"
            ],
            "ItemTitle": "Rotkäppchen Sekt halbtrocken 0,75L",
            "ItemPrice": "5,29€",
            "ItemUnit": "7,05€/l",
            "local_image_path": "Wein/ Spirituosen/Sekt-Prosecco/4400066903530_rk_sekt_halbtrocken-075l.jpg"
          },
          {
            "image_urls": [
              "https://www.edeka24.de/out/pictures/generated/product/1/224_224_90/freixenetmiamoscato.jpg"
            ],
            "ItemTitle": "Freixenet Mia Moscato fruchtig-süß 0,75L",
            "ItemPrice": "6,99€",
            "ItemUnit": "9,32€/l",
            "local_image_path": "Wein/ Spirituosen/Sekt-Prosecco/freixenetmiamoscato.jpg"
          },
          {
            "image_urls": [
              "https://www.edeka24.de/out/pictures/generated/product/1/224_224_90/krimskoye_rotmild_075l.jpg"
            ],
            "ItemTitle": "Krimskoye Cuvee rot-mild 0,75L",
            "ItemPrice": "14,49€",
            "ItemUnit": "19,32€/l",
            "local_image_path": "Wein/ Spirituosen/Sekt-Prosecco/krimskoye_rotmild_075l.jpg"
          },
          {
            "image_urls": [
              "https://www.edeka24.de/out/pictures/generated/product/1/224_224_90/freixenet_ice_semi_seco_075l.jpg"
            ],
            "ItemTitle": "Freixenet Ice Semi Seco 0,75L",
            "ItemPrice": "8,49€",
            "ItemUnit": "11,32€/l",
            "local_image_path": "Wein/ Spirituosen/Sekt-Prosecco/freixenet_ice_semi_seco_075l.jpg"
          },
          {
            "image_urls": [
              "https://www.edeka24.de/out/pictures/generated/product/1/224_224_90/cinzano_asti_docg_075_ltr.jpg"
            ],
            "ItemTitle": "Cinzano Asti DOCG 0,75L",
            "ItemPrice": "7,49€",
            "ItemUnit": "9,99€/l",
            "local_image_path": "Wein/ Spirituosen/Sekt-Prosecco/cinzano_asti_docg_075_ltr.jpg"
          },
          {
            "image_urls": [
              "https://www.edeka24.de/out/pictures/generated/product/1/224_224_90/moet_ampamp_chandon_champagne_brut_imperia_in_geschenkpackung_15l.jpg"
            ],
            "ItemTitle": "Moet & Chandon Champagne Brut Imperial GP 1,5L",
            "ItemPrice": "115,00€",
            "ItemUnit": "76,67€/l",
            "local_image_path": "Wein/ Spirituosen/Sekt-Prosecco/moet_ampamp_chandon_champagne_brut_imperia_in_geschenkpackung_15l.jpg"
          },
          {
            "image_urls": [
              "https://www.edeka24.de/out/pictures/generated/product/1/224_224_90/kessler_sekt_hochgewchs_chardonnay_brut_075l.jpg"
            ],
            "ItemTitle": "Kessler Sekt Hochgewächs Chardonnay Brut 0,75L",
            "ItemPrice": "14,99€",
            "ItemUnit": "19,99€/l",
            "local_image_path": "Wein/ Spirituosen/Sekt-Prosecco/kessler_sekt_hochgewchs_chardonnay_brut_075l.jpg"
          },
          {
            "image_urls": [
              "https://www.edeka24.de/out/pictures/generated/product/1/224_224_90/783026-durbacher-edelfrau-sekt-b.a.png"
            ],
            "ItemTitle": "Durbacher Edelfrau Sekt trocken 0,75L",
            "ItemPrice": "7,49€",
            "ItemUnit": "9,99€/l",
            "local_image_path": "Wein/ Spirituosen/Sekt-Prosecco/783026-durbacher-edelfrau-sekt-b.a.png"
          },
          {
            "image_urls": [
              "https://www.edeka24.de/out/pictures/generated/product/1/224_224_90/zonin_prosecco_spumante_millesimato_rose_doc_extra_dry_075l.jpg"
            ],
            "ItemTitle": "Zonin Prosecco Spumante Millesimato Rosé DOC Extra Dry 0,75L",
            "ItemPrice": "10,49€",
            "ItemUnit": "13,99€/l",
            "local_image_path": "Wein/ Spirituosen/Sekt-Prosecco/zonin_prosecco_spumante_millesimato_rose_doc_extra_dry_075l.jpg"
          },
          {
            "image_urls": [
              "https://www.edeka24.de/out/pictures/generated/product/1/224_224_90/frst_von_metternich_ros_sekt_trocken_075l.jpg"
            ],
            "ItemTitle": "Fürst von Metternich Rosé Sekt trocken 0,75L",
            "ItemPrice": "9,49€",
            "ItemUnit": "12,65€/l",
            "local_image_path": "Wein/ Spirituosen/Sekt-Prosecco/frst_von_metternich_ros_sekt_trocken_075l.jpg"
          },
          {
            "image_urls": [
              "https://www.edeka24.de/out/pictures/generated/product/1/224_224_90/freixenet_cava_carta_nevada_seco_075l.jpg"
            ],
            "ItemTitle": "Freixenet Cava Carta Seco 0,75L",
            "ItemSalePrice": "4,49€",
            "ItemUnit": "5,99€/l",
            "local_image_path": "Angebote/default_subcategory/freixenet_cava_carta_nevada_seco_075l.jpg"
          },
          {
            "image_urls": [
              "https://www.edeka24.de/out/pictures/generated/product/1/224_224_90/durbacherdursecco.jpg"
            ],
            "ItemTitle": "Durbacher Dursecco Rosé trocken 0,75L",
            "ItemPrice": "6,49€",
            "ItemUnit": "8,65€/l",
            "local_image_path": "Wein/ Spirituosen/Sekt-Prosecco/durbacherdursecco.jpg"
          },
          {
            "image_urls": [
              "https://www.edeka24.de/out/pictures/generated/product/1/224_224_90/bellini_di_canella_weinhaltiger_aperitif_075l.jpg"
            ],
            "ItemTitle": "Bellini di Canella weinhaltiger Aperitif 0,75l",
            "ItemPrice": "9,99€",
            "ItemUnit": "13,32€/l",
            "local_image_path": "Wein/ Spirituosen/Sekt-Prosecco/bellini_di_canella_weinhaltiger_aperitif_075l.jpg"
          },
          {
            "image_urls": [
              "https://www.edeka24.de/out/pictures/generated/product/1/224_224_90/valdo_nerello_mascalese_prosecco_brut_rose_075l.jpg"
            ],
            "ItemTitle": "Valdo Marca Oro Rosé Brut 0,75L",
            "ItemPrice": "10,99€",
            "ItemUnit": "14,65€/l",
            "local_image_path": "Wein/ Spirituosen/Sekt-Prosecco/valdo_nerello_mascalese_prosecco_brut_rose_075l.jpg"
          },
          {
            "image_urls": [
              "https://www.edeka24.de/out/pictures/generated/product/1/224_224_90/brut_dargent_ice_rose_075l.jpg"
            ],
            "ItemTitle": "Brut Dargent Ice Rosé Pinot Noir Demi Sec 0,75L",
            "ItemPrice": "8,49€",
            "ItemUnit": "11,32€/l",
            "local_image_path": "Wein/ Spirituosen/Sekt-Prosecco/brut_dargent_ice_rose_075l.jpg"
          },
          {
            "image_urls": [
              "https://www.edeka24.de/out/pictures/generated/product/1/224_224_90/llchardodry.jpg"
            ],
            "ItemTitle": "Light Live Sparkling Premium Chardonnay Dry alkoholfrei 0,75L",
            "ItemPrice": "5,29€",
            "ItemUnit": "7,05€/l",
            "local_image_path": "Wein/ Spirituosen/Sekt-Prosecco/llchardodry.jpg"
          },
          {
            "image_urls": [
              "https://www.edeka24.de/out/pictures/generated/product/1/224_224_90/2(2).jpg"
            ],
            "ItemTitle": "Geldermann Sekt Rosé trocken 0,75L",
            "ItemPrice": "10,49€",
            "ItemUnit": "13,99€/l",
            "local_image_path": "Wein/ Spirituosen/Sekt-Prosecco/2(2).jpg"
          },
          {
            "image_urls": [
              "https://www.edeka24.de/out/pictures/generated/product/1/224_224_90/champagne_louis_roederer_collection_gp_075l.jpg"
            ],
            "ItemTitle": "Louis Roederer Champagne Collection 243 GP 0,75L",
            "ItemPrice": "54,99€",
            "ItemUnit": "73,32€/l",
            "local_image_path": "Wein/ Spirituosen/Sekt-Prosecco/champagne_louis_roederer_collection_gp_075l.jpg"
          },
          {
            "image_urls": [
              "https://www.edeka24.de/out/pictures/generated/product/1/224_224_90/brut_dargent_ice_demi_sec_chardonnay.jpg"
            ],
            "ItemTitle": "Brut Dargent Ice Demi Sec Chardonnay 0,75L",
            "ItemPrice": "8,49€",
            "ItemUnit": "11,32€/l",
            "local_image_path": "Wein/ Spirituosen/Sekt-Prosecco/brut_dargent_ice_demi_sec_chardonnay.jpg"
          },
          {
            "image_urls": [
              "https://www.edeka24.de/out/pictures/generated/product/1/224_224_90/77000600durbacheredelmannrosalkoholfrei-schumendesgetrnkausalkoholfreiemwein075l.jpg"
            ],
            "ItemTitle": "Durbacher Edelmann Rosé Alkoholfrei 0,75L",
            "ItemPrice": "7,49€",
            "ItemUnit": "9,99€/l",
            "local_image_path": "Wein/ Spirituosen/Sekt-Prosecco/77000600durbacheredelmannrosalkoholfrei-schumendesgetrnkausalkoholfreiemwein075l.jpg"
          },
          {
            "image_urls": [
              "https://www.edeka24.de/out/pictures/generated/product/1/224_224_90/mionetto_il_hugo_075l.jpg"
            ],
            "ItemTitle": "Mionetto Il Hugo 0,75l",
            "ItemPrice": "5,79€",
            "ItemUnit": "7,72€/l",
            "local_image_path": "Wein/ Spirituosen/Sekt-Prosecco/mionetto_il_hugo_075l.jpg"
          },
          {
            "image_urls": [
              "https://www.edeka24.de/out/pictures/generated/product/1/224_224_90/fuert_v_mett_xtr_600_z1.jpg"
            ],
            "ItemTitle": "Fürst von Metternich Riesling Sekt extra trocken 0,75L",
            "ItemPrice": "9,49€",
            "ItemUnit": "12,65€/l",
            "local_image_path": "Wein/ Spirituosen/Spirituosen/highland_park_18_jahre_single_malt_whisky.jpg"
          },
          {
            "image_urls": [
              "https://www.edeka24.de/out/pictures/generated/product/1/224_224_90/moet_ampamp_chandon_champagne_ice_imperial_075l.jpg"
            ],
            "ItemTitle": "Moët & Chandon Champagner Ice Imperial 0,75L",
            "ItemPrice": "71,99€",
            "ItemUnit": "95,99€/l",
            "local_image_path": "Wein/ Spirituosen/Spirituosen/highland_park_18_jahre_single_malt_whisky.jpg"
          },
          {
            "image_urls": [
              "https://www.edeka24.de/out/pictures/generated/product/1/224_224_90/freixenetcordonnegro(1).jpg"
            ],
            "ItemTitle": "Freixenet Cava Cordon Negro Brut 0,75L",
            "ItemPrice": "8,49€",
            "ItemUnit": "11,32€/l",
            "local_image_path": "Wein/ Spirituosen/Spirituosen/highland_park_18_jahre_single_malt_whisky.jpg"
          },
          {
            "image_urls": [
              "https://www.edeka24.de/out/pictures/generated/product/1/224_224_90/heidsieckbluetop.jpg"
            ],
            "ItemTitle": "Heidsieck Monopole Blue Top Champagner Brut 0,75L",
            "ItemPrice": "31,99€",
            "ItemUnit": "42,65€/l",
            "local_image_path": "Wein/ Spirituosen/Sekt-Prosecco/heidsieckbluetop.jpg"
          },
          {
            "image_urls": [
              "https://www.edeka24.de/out/pictures/generated/product/1/224_224_90/owkpinotnoirsektrosee.jpg"
            ],
            "ItemTitle": "Ortenauer Weinkeller Pinot Noir Rosé Sekt trocken 0,75L",
            "ItemPrice": "7,99€",
            "ItemUnit": "10,65€/l",
            "local_image_path": "Wein/ Spirituosen/Sekt-Prosecco/owkpinotnoirsektrosee.jpg"
          },
          {
            "image_urls": [
              "https://www.edeka24.de/out/pictures/generated/product/1/224_224_90/732026-durbacher-plauelrain-riesling-sekt-b.a.png"
            ],
            "ItemTitle": "Durbacher Plauelrain Riesling Sekt extra trocken 0,75L",
            "ItemPrice": "9,49€",
            "ItemUnit": "12,65€/l",
            "local_image_path": "Wein/ Spirituosen/Weißwein/732026-durbacher-plauelrain-riesling-sekt-b.a.png"
          },
          {
            "image_urls": [
              "https://www.edeka24.de/out/pictures/generated/product/1/224_224_90/henkell-blanc-de-blancs-limited-edition-750ml_1200.jpg"
            ],
            "ItemTitle": "Henkell Blanc de Blancs Sekt trocken 0,75L",
            "ItemPrice": "5,79€",
            "ItemUnit": "7,72€/l",
            "local_image_path": "Wein/ Spirituosen/Spirituosen/highland_park_18_jahre_single_malt_whisky.jpg"
          },
          {
            "image_urls": [
              "https://www.edeka24.de/out/pictures/generated/product/1/224_224_90/go.jpg"
            ],
            "ItemTitle": "WG Bötzingen GO Rosé alkoholfrei 0,75L",
            "ItemPrice": "6,99€",
            "ItemUnit": "9,32€/l",
            "local_image_path": "Wein/ Spirituosen/Roséweine/go.jpg"
          },
          {
            "image_urls": [
              "https://www.edeka24.de/out/pictures/generated/product/1/224_224_90/rieslingsekt-brut_01_1200.jpg"
            ],
            "ItemTitle": "Ortenauer Weinkeller Sternenberg Rieslingsekt Brut 0,75L",
            "ItemPrice": "8,49€",
            "ItemUnit": "11,32€/l",
            "local_image_path": "Wein/ Spirituosen/Sekt-Prosecco/rieslingsekt-brut_01_1200.jpg"
          },
          {
            "image_urls": [
              "https://www.edeka24.de/out/pictures/generated/product/1/224_224_90/4400066903530_rk_sekt_halbtrocken-075l.jpg"
            ],
            "ItemTitle": "Rotkäppchen Sekt halbtrocken 0,75L",
            "ItemPrice": "5,29€",
            "ItemUnit": "7,05€/l",
            "local_image_path": "Wein/ Spirituosen/Sekt-Prosecco/4400066903530_rk_sekt_halbtrocken-075l.jpg"
          },
          {
            "image_urls": [
              "https://www.edeka24.de/out/pictures/generated/product/1/224_224_90/freixenetmiamoscato.jpg"
            ],
            "ItemTitle": "Freixenet Mia Moscato fruchtig-süß 0,75L",
            "ItemPrice": "6,99€",
            "ItemUnit": "9,32€/l",
            "local_image_path": "Wein/ Spirituosen/Sekt-Prosecco/freixenetmiamoscato.jpg"
          },
          {
            "image_urls": [
              "https://www.edeka24.de/out/pictures/generated/product/1/224_224_90/krimskoye_rotmild_075l.jpg"
            ],
            "ItemTitle": "Krimskoye Cuvee rot-mild 0,75L",
            "ItemPrice": "14,49€",
            "ItemUnit": "19,32€/l",
            "local_image_path": "Wein/ Spirituosen/Sekt-Prosecco/krimskoye_rotmild_075l.jpg"
          },
          {
            "image_urls": [
              "https://www.edeka24.de/out/pictures/generated/product/1/224_224_90/freixenet_ice_semi_seco_075l.jpg"
            ],
            "ItemTitle": "Freixenet Ice Semi Seco 0,75L",
            "ItemPrice": "8,49€",
            "ItemUnit": "11,32€/l",
            "local_image_path": "Wein/ Spirituosen/Sekt-Prosecco/freixenet_ice_semi_seco_075l.jpg"
          },
          {
            "image_urls": [
              "https://www.edeka24.de/out/pictures/generated/product/1/224_224_90/cinzano_asti_docg_075_ltr.jpg"
            ],
            "ItemTitle": "Cinzano Asti DOCG 0,75L",
            "ItemPrice": "7,49€",
            "ItemUnit": "9,99€/l",
            "local_image_path": "Wein/ Spirituosen/Sekt-Prosecco/cinzano_asti_docg_075_ltr.jpg"
          },
          {
            "image_urls": [
              "https://www.edeka24.de/out/pictures/generated/product/1/224_224_90/moet_ampamp_chandon_champagne_brut_imperia_in_geschenkpackung_15l.jpg"
            ],
            "ItemTitle": "Moet & Chandon Champagne Brut Imperial GP 1,5L",
            "ItemPrice": "115,00€",
            "ItemUnit": "76,67€/l",
            "local_image_path": "Wein/ Spirituosen/Sekt-Prosecco/moet_ampamp_chandon_champagne_brut_imperia_in_geschenkpackung_15l.jpg"
          },
          {
            "image_urls": [
              "https://www.edeka24.de/out/pictures/generated/product/1/224_224_90/kessler_sekt_hochgewchs_chardonnay_brut_075l.jpg"
            ],
            "ItemTitle": "Kessler Sekt Hochgewächs Chardonnay Brut 0,75L",
            "ItemPrice": "14,99€",
            "ItemUnit": "19,99€/l",
            "local_image_path": "Wein/ Spirituosen/Sekt-Prosecco/kessler_sekt_hochgewchs_chardonnay_brut_075l.jpg"
          },
          {
            "image_urls": [
              "https://www.edeka24.de/out/pictures/generated/product/1/224_224_90/783026-durbacher-edelfrau-sekt-b.a.png"
            ],
            "ItemTitle": "Durbacher Edelfrau Sekt trocken 0,75L",
            "ItemPrice": "7,49€",
            "ItemUnit": "9,99€/l",
            "local_image_path": "Wein/ Spirituosen/Sekt-Prosecco/783026-durbacher-edelfrau-sekt-b.a.png"
          },
          {
            "image_urls": [
              "https://www.edeka24.de/out/pictures/generated/product/1/224_224_90/zonin_prosecco_spumante_millesimato_rose_doc_extra_dry_075l.jpg"
            ],
            "ItemTitle": "Zonin Prosecco Spumante Millesimato Rosé DOC Extra Dry 0,75L",
            "ItemPrice": "10,49€",
            "ItemUnit": "13,99€/l",
            "local_image_path": "Wein/ Spirituosen/Sekt-Prosecco/zonin_prosecco_spumante_millesimato_rose_doc_extra_dry_075l.jpg"
          },
          {
            "image_urls": [
              "https://www.edeka24.de/out/pictures/generated/product/1/224_224_90/grand-plaisir-champagner-brut.jpg"
            ],
            "ItemTitle": "Grand Plaisir Champagner Brut 0,75L",
            "ItemPrice": "17,99€",
            "ItemUnit": "23,99€/l",
            "local_image_path": "Wein/ Spirituosen/Sekt-Prosecco/grand-plaisir-champagner-brut.jpg"
          },
          {
            "image_urls": [
              "https://www.edeka24.de/out/pictures/generated/product/1/224_224_90/finca_de_la_vega_cava_seco.jpg"
            ],
            "ItemTitle": "Finca de la Vega Cava Seco 0,75L",
            "ItemPrice": "4,49€",
            "ItemUnit": "5,99€/l",
            "local_image_path": "Wein/ Spirituosen/Sekt-Prosecco/finca_de_la_vega_cava_seco.jpg"
          },
          {
            "image_urls": [
              "https://www.edeka24.de/out/pictures/generated/product/1/224_224_90/mionetto-prosecco-doc-treviso-brut.jpg"
            ],
            "ItemTitle": "Mionetto Prosecco Spumante DOC Treviso Brut 0,75L",
            "ItemSalePrice": "7,49€",
            "ItemUnit": "9,99€/l",
            "local_image_path": "Angebote/default_subcategory/mionetto-prosecco-doc-treviso-brut.jpg"
          },
          {
            "image_urls": [
              "https://www.edeka24.de/out/pictures/generated/product/1/224_224_90/zonprosspum.jpg"
            ],
            "ItemTitle": "Zonin Prosecco Spumante DOC Brut 0,75L",
            "ItemSalePrice": "7,99€",
            "ItemUnit": "10,65€/l",
            "local_image_path": "Wein/ Spirituosen/Sekt-Prosecco/zonprosspum.jpg"
          },
          {
            "image_urls": [
              "https://www.edeka24.de/out/pictures/generated/product/1/224_224_90/light_live_sprizz_alkfr075l.jpg"
            ],
            "ItemTitle": "Schloss Wachenheim Light Live Sprizz alkoholfrei 0,75L",
            "ItemPrice": "3,79€",
            "ItemUnit": "5,05€/l",
            "local_image_path": "Wein/ Spirituosen/Sekt-Prosecco/light_live_sprizz_alkfr075l.jpg"
          },
          {
            "image_urls": [
              "https://www.edeka24.de/out/pictures/generated/product/1/224_224_90/1343.png"
            ],
            "ItemTitle": "Mumm Extra Dry Jahrgangssekt Extra Trocken 0,75L",
            "ItemPrice": "6,99€",
            "ItemUnit": "9,32€/l",
            "local_image_path": "Wein/ Spirituosen/Sekt-Prosecco/1343.png"
          },
          {
            "image_urls": [
              "https://www.edeka24.de/out/pictures/generated/product/1/224_224_90/shnlein_brillant_sekt_wei_halbtrocken_075_ltr.jpg"
            ],
            "ItemTitle": "Söhnlein Brillant Sekt weiß halbtrocken 0,75L",
            "ItemPrice": "4,49€",
            "ItemUnit": "5,99€/l",
            "local_image_path": "Wein/ Spirituosen/Sekt-Prosecco/shnlein_brillant_sekt_wei_halbtrocken_075_ltr.jpg"
          },
          {
            "image_urls": [
              "https://www.edeka24.de/out/pictures/generated/product/1/224_224_90/lineavini_prosecco_blu_secco_igt.jpg"
            ],
            "ItemTitle": "Lineavini Prosecco Blu secco 0,75L",
            "ItemPrice": "6,49€",
            "ItemUnit": "8,65€/l",
            "local_image_path": "Wein/ Spirituosen/Sekt-Prosecco/lineavini_prosecco_blu_secco_igt.jpg"
          },
          {
            "image_urls": [
              "https://www.edeka24.de/out/pictures/generated/product/1/224_224_90/superb-sekt-brut.jpg"
            ],
            "ItemTitle": "Schlossberg Sektkellerei Superb Sekt Brut 0,75L",
            "ItemPrice": "6,79€",
            "ItemUnit": "9,05€/l",
            "local_image_path": "Wein/ Spirituosen/Sekt-Prosecco/superb-sekt-brut.jpg"
          },
          {
            "image_urls": [
              "https://www.edeka24.de/out/pictures/generated/product/1/224_224_90/light_live_hugo_alkfr075l.jpg"
            ],
            "ItemTitle": "Schloss Wachenheim Light Live Hugo alkoholfrei 0,75L",
            "ItemSalePrice": "3,49€",
            "ItemUnit": "4,65€/l",
            "local_image_path": "Wein/ Spirituosen/Sekt-Prosecco/light_live_hugo_alkfr075l.jpg"
          },
          {
            "image_urls": [
              "https://www.edeka24.de/out/pictures/generated/product/1/224_224_90/rotkppchen_sekt_trocken.jpg"
            ],
            "ItemTitle": "Rotkäppchen Sekt trocken 0,75L",
            "ItemPrice": "4,29€",
            "ItemUnit": "5,72€/l",
            "local_image_path": "Wein/ Spirituosen/Sekt-Prosecco/rotkppchen_sekt_trocken.jpg"
          },
          {
            "image_urls": [
              "https://www.edeka24.de/out/pictures/generated/product/1/224_224_90/3438931005134.png"
            ],
            "ItemTitle": "Veuve Amiot Cremant de Loire Brut 0,75L",
            "ItemPrice": "7,49€",
            "ItemUnit": "9,99€/l",
            "local_image_path": "Wein/ Spirituosen/Sekt-Prosecco/3438931005134.png"
          },
          {
            "image_urls": [
              "https://www.edeka24.de/out/pictures/generated/product/1/224_224_90/geldermann-superb-trocken.jpg"
            ],
            "ItemTitle": "Schlossberg Sektkellerei Superb Sekt Trocken 0,75L",
            "ItemPrice": "6,79€",
            "ItemUnit": "9,05€/l",
            "local_image_path": "Wein/ Spirituosen/Sekt-Prosecco/geldermann-superb-trocken.jpg"
          },
          {
            "image_urls": [
              "https://www.edeka24.de/out/pictures/generated/product/1/224_224_90/freixenetsektcavasemiseco.jpg"
            ],
            "ItemTitle": "Freixenet Cava Carta Nevada Semi Seco 0,75L",
            "ItemSalePrice": "4,49€",
            "ItemUnit": "5,99€/l",
            "local_image_path": "Wein/ Spirituosen/Sekt-Prosecco/freixenetsektcavasemiseco.jpg"
          },
          {
            "image_urls": [
              "https://www.edeka24.de/out/pictures/generated/product/1/224_224_90/villa_nau_riesling_sekt_extra_trocken_075l.jpg"
            ],
            "ItemTitle": "Villa Nau Riesling Sekt extra trocken 0,75L",
            "ItemPrice": "4,99€",
            "ItemUnit": "6,65€/l",
            "local_image_path": "Wein/ Spirituosen/Sekt-Prosecco/villa_nau_riesling_sekt_extra_trocken_075l.jpg"
          },
          {
            "image_urls": [
              "https://www.edeka24.de/out/pictures/generated/product/1/224_224_90/245.jpg"
            ],
            "ItemTitle": "Jules Mumm Rosé Sekt 0,75L",
            "ItemPrice": "5,79€",
            "ItemUnit": "7,72€/l",
            "local_image_path": "Wein/ Spirituosen/Sekt-Prosecco/245.jpg"
          },
          {
            "image_urls": [
              "https://www.edeka24.de/out/pictures/generated/product/1/224_224_90/4011900670015_mu_dryalkoholfrei_bt_075l_ve.jpg"
            ],
            "ItemTitle": "Mumm Dry Jahrgang alkoholfrei trocken 0,75L",
            "ItemPrice": "6,99€",
            "ItemUnit": "9,32€/l",
            "local_image_path": "Wein/ Spirituosen/Sekt-Prosecco/4011900670015_mu_dryalkoholfrei_bt_075l_ve.jpg"
          },
          {
            "image_urls": [
              "https://www.edeka24.de/out/pictures/generated/product/1/224_224_90/mumm_rose_dry_jahrgangssekt_075l.jpg"
            ],
            "ItemTitle": "Mumm Rosé Dry Jahrgangssekt trocken 0,75l",
            "ItemPrice": "6,99€",
            "ItemUnit": "9,32€/l",
            "local_image_path": "Wein/ Spirituosen/Sekt-Prosecco/mumm_rose_dry_jahrgangssekt_075l.jpg"
          },
          {
            "image_urls": [
              "https://www.edeka24.de/out/pictures/generated/product/1/224_224_90/grand_plaisir_champagne_brut_rose_075_ltr.jpg"
            ],
            "ItemTitle": "Grand Plaisir Champagne Brut Rosé 0,75L",
            "ItemPrice": "19,99€",
            "ItemUnit": "26,65€/l",
            "local_image_path": "Wein/ Spirituosen/Sekt-Prosecco/grand_plaisir_champagne_brut_rose_075_ltr.jpg"
          },
          {
            "image_urls": [
              "https://www.edeka24.de/out/pictures/generated/product/1/224_224_90/schloss_knigstein_sekt_rot.jpg"
            ],
            "ItemTitle": "Schloss Königstein Sekt rot 0,6L",
            "ItemPrice": "3,79€",
            "ItemUnit": "6,32€/l",
            "local_image_path": "Wein/ Spirituosen/Sekt-Prosecco/schloss_knigstein_sekt_rot.jpg"
          },
          {
            "image_urls": [
              "https://www.edeka24.de/out/pictures/generated/product/1/224_224_90/rotkppchen_ros_alkoholfrei.jpg"
            ],
            "ItemTitle": "Rotkäppchen Rosé alkoholfrei 0,75L",
            "ItemPrice": "5,29€",
            "ItemUnit": "7,05€/l",
            "local_image_path": "Wein/ Spirituosen/Sekt-Prosecco/rotkppchen_ros_alkoholfrei.jpg"
          },
          {
            "image_urls": [
              "https://www.edeka24.de/out/pictures/generated/product/1/224_224_90/laessigersecco.jpg"
            ],
            "ItemTitle": "Laessiger Secco Rose extra trocken 0,75L",
            "ItemSalePrice": "4,50€",
            "ItemUnit": "6,00€/l",
            "local_image_path": "Lebensmittel/Würzmittel & Brühen/laessigersecco.jpg"
          },
          {
            "image_urls": [
              "https://www.edeka24.de/out/pictures/generated/product/1/224_224_90/unbenannt(16).png"
            ],
            "ItemTitle": "Mumm  Dry Jahrgangssekt Trocken 0,75L",
            "ItemPrice": "6,99€",
            "ItemUnit": "9,32€/l",
            "local_image_path": "Wein/ Spirituosen/Sekt-Prosecco/unbenannt(16).png"
          },
          {
            "image_urls": [
              "https://www.edeka24.de/out/pictures/generated/product/1/224_224_90/bio_alnatura_prosecco_doc_075l.jpg"
            ],
            "ItemTitle": "Alnatura Bio Prosecco D.O.C 0,75L",
            "ItemPrice": "6,29€",
            "ItemUnit": "8,39€/l",
            "local_image_path": "Wein/ Spirituosen/Sekt-Prosecco/bio_alnatura_prosecco_doc_075l.jpg"
          },
          {
            "image_urls": [
              "https://www.edeka24.de/out/pictures/generated/product/1/224_224_90/743026-durbacher-edelmann-sekt-b.a.png"
            ],
            "ItemTitle": "Durbacher Edelmann Sekt trocken 0,75L",
            "ItemPrice": "7,49€",
            "ItemUnit": "9,99€/l",
            "local_image_path": "Wein/ Spirituosen/Sekt-Prosecco/743026-durbacher-edelmann-sekt-b.a.png"
          },
          {
            "image_urls": [
              "https://www.edeka24.de/out/pictures/generated/product/1/224_224_90/9211100schlossmunzingenyounglinebrut.jpg"
            ],
            "ItemTitle": "Schloss Munzingen Sekt Brut 0,75l",
            "ItemPrice": "5,49€",
            "ItemUnit": "7,32€/l",
            "local_image_path": "Wein/ Spirituosen/Sekt-Prosecco/9211100schlossmunzingenyounglinebrut.jpg"
          },
          {
            "image_urls": [
              "https://www.edeka24.de/out/pictures/generated/product/1/224_224_90/finca_de_la_vega_cava_semi_seco.jpg"
            ],
            "ItemTitle": "Finca de la Vega Cava Semi Seco 0,75L",
            "ItemPrice": "4,79€",
            "ItemUnit": "6,39€/l",
            "local_image_path": "Wein/ Spirituosen/Sekt-Prosecco/finca_de_la_vega_cava_semi_seco.jpg"
          },
          {
            "image_urls": [
              "https://www.edeka24.de/out/pictures/generated/product/1/224_224_90/mot_amp_chandon_champagner_brut_imperial_075l.jpg"
            ],
            "ItemTitle": "Moët & Chandon Champagner Brut Imperial 0,75L",
            "ItemPrice": "44,99€",
            "ItemUnit": "59,99€/l",
            "local_image_path": "Fürs Büro/default_subcategory/mot_amp_chandon_champagner_brut_imperial_075l.jpg"
          },
          {
            "image_urls": [
              "https://www.edeka24.de/out/pictures/generated/product/1/224_224_90/89901rieslingsektbrutfl.grung_4004850028999.jpg"
            ],
            "ItemTitle": "Kloster Eberbach Riesling Sekt Brut Flaschengärung 2020 0,75L",
            "ItemPrice": "11,49€",
            "ItemUnit": "15,32€/l",
            "local_image_path": "Wein/ Spirituosen/Sekt-Prosecco/89901rieslingsektbrutfl.grung_4004850028999.jpg"
          },
          {
            "image_urls": [
              "https://www.edeka24.de/out/pictures/generated/product/1/224_224_90/freixenet_00_alkoholfrei_075l.jpg"
            ],
            "ItemTitle": "Freixenet 0,0% Alkoholfrei 0,75L",
            "ItemSalePrice": "4,49€",
            "ItemUnit": "5,99€/l",
            "local_image_path": "Angebote/default_subcategory/freixenet_00_alkoholfrei_075l.jpg"
          }
        ]
      }
    ]
  },
  {
    "CategoryTitle": "Wein/ Spirituosen",
    "Subcategories": [
      {
        "subcategoryTitle": "Spirituosen",
        "productItems": [
          {
            "image_urls": [
              "https://www.edeka24.de/out/pictures/generated/product/1/224_224_90/frsturanovwodka750.jpg"
            ],
            "ItemTitle": "Fürst Uranov Wodka 0,7L",
            "ItemPrice": "5,99€",
            "ItemUnit": "8,56€/l",
            "local_image_path": "Wein/ Spirituosen/Spirituosen/frsturanovwodka750.jpg"
          },
          {
            "image_urls": [
              "https://www.edeka24.de/out/pictures/generated/product/1/224_224_90/itarol_aperitivo_11_07l.jpg"
            ],
            "ItemTitle": "Itarol Aperitivo 0,7L",
            "ItemPrice": "4,99€",
            "ItemUnit": "7,13€/l",
            "local_image_path": "Wein/ Spirituosen/Spirituosen/itarol_aperitivo_11_07l.jpg"
          },
          {
            "image_urls": [
              "https://www.edeka24.de/out/pictures/generated/product/1/224_224_90/bacardi-cartablanca.jpg"
            ],
            "ItemTitle": "Bacardi Rum Carta Blanca 0,7L",
            "ItemSalePrice": "11,99€",
            "ItemUnit": "17,13€/l",
            "local_image_path": "Angebote/default_subcategory/bacardi-cartablanca.jpg"
          },
          {
            "image_urls": [
              "https://www.edeka24.de/out/pictures/generated/product/1/224_224_90/fuerst_uranov_feige_18_07l.jpg"
            ],
            "ItemTitle": "Fürst Uranov Feige 0,7L",
            "ItemPrice": "3,99€",
            "ItemUnit": "5,70€/l",
            "local_image_path": "Wein/ Spirituosen/Spirituosen/fuerst_uranov_feige_18_07l.jpg"
          },
          {
            "image_urls": [
              "https://www.edeka24.de/out/pictures/generated/product/1/224_224_90/finleys_london_dry_gin_07l.jpg"
            ],
            "ItemTitle": "Finley´s London Dry Gin 0,7L",
            "ItemPrice": "6,29€",
            "ItemUnit": "8,99€/l",
            "local_image_path": "Wein/ Spirituosen/Spirituosen/finleys_london_dry_gin_07l.jpg"
          },
          {
            "image_urls": [
              "https://www.edeka24.de/out/pictures/generated/product/1/224_224_90/piconamer.jpg"
            ],
            "ItemTitle": "Picon Bière à l'Orange 1L",
            "ItemPrice": "12,99€",
            "ItemUnit": "12,99€/l",
            "local_image_path": "Wein/ Spirituosen/Spirituosen/piconamer.jpg"
          },
          {
            "image_urls": [
              "https://www.edeka24.de/out/pictures/generated/product/1/224_224_90/mac_percy_sahnelikr.jpg"
            ],
            "ItemTitle": "Mac Percy Sahnelikör 0,7L",
            "ItemPrice": "4,79€",
            "ItemUnit": "6,84€/l",
            "local_image_path": "Wein/ Spirituosen/Spirituosen/mac_percy_sahnelikr.jpg"
          },
          {
            "image_urls": [
              "https://www.edeka24.de/out/pictures/generated/product/1/224_224_90/havana_club_rum_anejo_3_jahre.jpg"
            ],
            "ItemTitle": "Havana Club Rum Anejo 3 Jahre 0,7L",
            "ItemSalePrice": "11,99€",
            "ItemUnit": "17,13€/l",
            "local_image_path": "Angebote/default_subcategory/havana_club_rum_anejo_3_jahre.jpg"
          },
          {
            "image_urls": [
              "https://www.edeka24.de/out/pictures/generated/product/1/224_224_90/lillet.jpg"
            ],
            "ItemTitle": "Lillet Aperitif Blanc 0,75L",
            "ItemPrice": "16,49€",
            "ItemUnit": "21,99€/l",
            "local_image_path": "Wein/ Spirituosen/Spirituosen/lillet.jpg"
          },
          {
            "image_urls": [
              "https://www.edeka24.de/out/pictures/generated/product/1/224_224_90/weiswillik.jpg"
            ],
            "ItemTitle": "Weis Schwarzwälder Williamsbirnenlikör 0,5L",
            "ItemPrice": "5,79€",
            "ItemUnit": "11,58€/l",
            "local_image_path": "Wein/ Spirituosen/Spirituosen/weiswillik.jpg"
          },
          {
            "image_urls": [
              "https://www.edeka24.de/out/pictures/generated/product/1/224_224_90/angelottiamaro750.jpg"
            ],
            "ItemTitle": "Angelotti Amaro Kräuterlikör 0,7L",
            "ItemPrice": "6,29€",
            "ItemUnit": "8,99€/l",
            "local_image_path": "Wein/ Spirituosen/Spirituosen/angelottiamaro750.jpg"
          },
          {
            "image_urls": [
              "https://www.edeka24.de/out/pictures/generated/product/1/224_224_90/-5202413007019_iq.jpg"
            ],
            "ItemTitle": "Original Ouzo of plomari 0,7L",
            "ItemPrice": "11,99€",
            "ItemUnit": "17,13€/l",
            "local_image_path": "Wein/ Spirituosen/Spirituosen/-5202413007019_iq.jpg"
          },
          {
            "image_urls": [
              "https://www.edeka24.de/out/pictures/generated/product/1/224_224_90/fuerst_uranov_red_w175_07l.jpg"
            ],
            "ItemTitle": "Fürst Uranov Red 0,7L",
            "ItemPrice": "3,99€",
            "ItemUnit": "5,70€/l",
            "local_image_path": "Wein/ Spirituosen/Spirituosen/fuerst_uranov_red_w175_07l.jpg"
          },
          {
            "image_urls": [
              "https://www.edeka24.de/out/pictures/generated/product/1/224_224_90/tunel_de_mallorca_secas_40_07l.jpg"
            ],
            "ItemTitle": "Tunel de Mallorca Secas 0,7L",
            "ItemPrice": "13,99€",
            "ItemUnit": "19,99€/l",
            "local_image_path": "Wein/ Spirituosen/Spirituosen/tunel_de_mallorca_secas_40_07l.jpg"
          },
          {
            "image_urls": [
              "https://www.edeka24.de/out/pictures/generated/product/1/224_224_90/unbenannt.jpg"
            ],
            "ItemTitle": "Asmussen 40 Jamaica Rum 0,7L",
            "ItemPrice": "8,79€",
            "ItemUnit": "12,56€/l",
            "local_image_path": "Wein/ Spirituosen/Spirituosen/unbenannt.jpg"
          },
          {
            "image_urls": [
              "https://www.edeka24.de/out/pictures/generated/product/1/224_224_90/bacardi_spiced_35_07l.jpg"
            ],
            "ItemTitle": "Bacardi Spiced Rum 0,7L",
            "ItemSalePrice": "11,99€",
            "ItemUnit": "17,13€/l",
            "local_image_path": "Angebote/default_subcategory/bacardi_spiced_35_07l.jpg"
          },
          {
            "image_urls": [
              "https://www.edeka24.de/out/pictures/generated/product/1/224_224_90/yeni.jpg"
            ],
            "ItemTitle": "Tekel Istanbul Yeni Raki 0,7L",
            "ItemPrice": "19,99€",
            "ItemUnit": "28,56€/l",
            "local_image_path": "Wein/ Spirituosen/Spirituosen/yeni.jpg"
          },
          {
            "image_urls": [
              "https://www.edeka24.de/out/pictures/generated/product/1/224_224_90/absolut_premium_vodka_07_ltr.jpg"
            ],
            "ItemTitle": "Absolut Premium Vodka 0,7L",
            "ItemSalePrice": "12,99€",
            "ItemUnit": "18,56€/l",
            "local_image_path": "Angebote/default_subcategory/absolut_premium_vodka_07_ltr.jpg"
          },
          {
            "image_urls": [
              "https://www.edeka24.de/out/pictures/generated/product/1/224_224_90/muhmuh.jpg"
            ],
            "ItemTitle": "Original Muh-Muhs Toffee & Vodka Likör 0,7L",
            "ItemPrice": "10,99€",
            "ItemUnit": "15,70€/l",
            "local_image_path": "Wein/ Spirituosen/Spirituosen/muhmuh.jpg"
          },
          {
            "image_urls": [
              "https://www.edeka24.de/out/pictures/generated/product/1/224_224_90/desperados_dose.jpg"
            ],
            "ItemTitle": "Desperados Tequila Flavoured Beer 0,5L",
            "ItemPrice": "2,29€",
            "ItemUnit": "4,58€/lzzgl.0,25€Pfand",
            "local_image_path": "Lebensmittel/Getränke/desperados_dose.jpg"
          },
          {
            "image_urls": [
              "https://www.edeka24.de/out/pictures/generated/product/1/224_224_90/berentzen_waldfrucht_07_ltr.jpg"
            ],
            "ItemTitle": "Berentzen Waldfrucht 0,7L",
            "ItemPrice": "7,99€",
            "ItemUnit": "11,41€/l",
            "local_image_path": "Wein/ Spirituosen/Spirituosen/berentzen_waldfrucht_07_ltr.jpg"
          },
          {
            "image_urls": [
              "https://www.edeka24.de/out/pictures/generated/product/1/224_224_90/berentzen_maracuja_07_ltr.jpg"
            ],
            "ItemTitle": "Berentzen Maracuja 0,7L",
            "ItemPrice": "7,99€",
            "ItemUnit": "11,41€/l",
            "local_image_path": "Wein/ Spirituosen/Spirituosen/berentzen_maracuja_07_ltr.jpg"
          },
          {
            "image_urls": [
              "https://www.edeka24.de/out/pictures/generated/product/1/224_224_90/4045144700702.png"
            ],
            "ItemTitle": "Chantre Weinbrand 0,7L",
            "ItemPrice": "9,49€",
            "ItemUnit": "13,56€/l",
            "local_image_path": "Wein/ Spirituosen/Spirituosen/4045144700702.png"
          },
          {
            "image_urls": [
              "https://www.edeka24.de/out/pictures/generated/product/1/224_224_90/4e4c5992b17135580fbcd21677b25669-4003310181007.jpg"
            ],
            "ItemTitle": "Gorbatschow Wodka Blue Label 0,7L",
            "ItemPrice": "9,49€",
            "ItemUnit": "13,56€/l",
            "local_image_path": "Wein/ Spirituosen/Spirituosen/4e4c5992b17135580fbcd21677b25669-4003310181007.jpg"
          },
          {
            "image_urls": [
              "https://www.edeka24.de/out/pictures/generated/product/1/224_224_90/ficken_300_p1.jpg"
            ],
            "ItemTitle": "Ficken der Party Likör 0,7L",
            "ItemPrice": "12,49€",
            "ItemUnit": "17,84€/l",
            "local_image_path": "Jetzt wird gerettet!/default_subcategory/ficken_300_p1.jpg"
          },
          {
            "image_urls": [
              "https://www.edeka24.de/out/pictures/generated/product/1/224_224_90/jim_beam_white_whiskey_40_07l.jpg"
            ],
            "ItemTitle": "Jim Beam Kentucky Straight Bourbon 40% 0,7L",
            "ItemPrice": "16,49€",
            "ItemUnit": "23,56€/l",
            "local_image_path": "Wein/ Spirituosen/Spirituosen/jim_beam_white_whiskey_40_07l.jpg"
          },
          {
            "image_urls": [
              "https://www.edeka24.de/out/pictures/generated/product/1/224_224_90/fies_schokolikkirschw1705l.jpg"
            ],
            "ItemTitle": "Fies Schokolikör mit Schwarzwälder Kirschwasser verfeinert 0,5L",
            "ItemPrice": "7,99€",
            "ItemUnit": "15,98€/l",
            "local_image_path": "Wein/ Spirituosen/Spirituosen/fies_schokolikkirschw1705l.jpg"
          },
          {
            "image_urls": [
              "https://www.edeka24.de/out/pictures/generated/product/1/224_224_90/durbacheredlerweinberg-pfirsich.jpg"
            ],
            "ItemTitle": "Durbacher Edler Weinberg-Pfirsich Likör 0,5L",
            "ItemPrice": "16,29€",
            "ItemUnit": "32,58€/l",
            "local_image_path": "Wein/ Spirituosen/Spirituosen/durbacheredlerweinberg-pfirsich.jpg"
          },
          {
            "image_urls": [
              "https://www.edeka24.de/out/pictures/generated/product/1/224_224_90/fies-select-altes-kirschwasser.jpg"
            ],
            "ItemTitle": "Fies Select Schwarzwälder Kirschwasser 0,7L",
            "ItemPrice": "11,99€",
            "ItemUnit": "17,13€/l",
            "local_image_path": "Wein/ Spirituosen/Spirituosen/fies-select-altes-kirschwasser.jpg"
          },
          {
            "image_urls": [
              "https://www.edeka24.de/out/pictures/generated/product/1/224_224_90/fies-select-williams-birnenbrand.jpg"
            ],
            "ItemTitle": "Fies Select Williams-Christ Birnen-Brand 0,7l",
            "ItemPrice": "11,99€",
            "ItemUnit": "17,13€/l",
            "local_image_path": "Wein/ Spirituosen/Spirituosen/fies-select-williams-birnenbrand.jpg"
          },
          {
            "image_urls": [
              "https://www.edeka24.de/out/pictures/generated/product/1/224_224_90/alpenschnaps_marille_35_1l.jpg"
            ],
            "ItemTitle": "Alpenschnaps Marille 1L",
            "ItemPrice": "15,49€",
            "ItemUnit": "15,49€/l",
            "local_image_path": "Wein/ Spirituosen/Spirituosen/alpenschnaps_marille_35_1l.jpg"
          },
          {
            "image_urls": [
              "https://www.edeka24.de/out/pictures/generated/product/1/224_224_90/aperol_aperitivo_italiano_11_07l.jpg"
            ],
            "ItemTitle": "Aperol Aperitivo Italiano 0,7L",
            "ItemPrice": "13,99€",
            "ItemUnit": "19,99€/l",
            "local_image_path": "Wein/ Spirituosen/Spirituosen/aperol_aperitivo_italiano_11_07l.jpg"
          },
          {
            "image_urls": [
              "https://www.edeka24.de/out/pictures/generated/product/1/224_224_90/crodinosaurier.jpg"
            ],
            "ItemTitle": "Crodino Aperitivo Non Alcolico 8ST 0,784L",
            "ItemPrice": "7,99€",
            "ItemUnit": "10,19€/l",
            "local_image_path": "Wein/ Spirituosen/Spirituosen/crodinosaurier.jpg"
          },
          {
            "image_urls": [
              "https://www.edeka24.de/out/pictures/generated/product/1/224_224_90/alpenschnapswiliamsbirne.jpg"
            ],
            "ItemTitle": "Alpenschnaps Williamsbirne 1L",
            "ItemPrice": "15,49€",
            "ItemUnit": "15,49€/l",
            "local_image_path": "Wein/ Spirituosen/Spirituosen/alpenschnapswiliamsbirne.jpg"
          },
          {
            "image_urls": [
              "https://www.edeka24.de/out/pictures/generated/product/1/224_224_90/wikinger-met-glas.jpg"
            ],
            "ItemTitle": "Wikinger Met Honigwein 0,75L",
            "ItemPrice": "5,99€",
            "ItemUnit": "7,99€/l",
            "local_image_path": "Wein/ Spirituosen/Spirituosen/wikinger-met-glas.jpg"
          },
          {
            "image_urls": [
              "https://www.edeka24.de/out/pictures/generated/product/1/224_224_90/osborne-veterano.jpg"
            ],
            "ItemTitle": "Osborne Veterano 0,7L",
            "ItemPrice": "13,99€",
            "ItemUnit": "19,99€/l",
            "local_image_path": "Wein/ Spirituosen/Spirituosen/osborne-veterano.jpg"
          },
          {
            "image_urls": [
              "https://www.edeka24.de/out/pictures/generated/product/1/224_224_90/hendersonpink.jpg"
            ],
            "ItemTitle": "Henderson Pink Gin 0,7L",
            "ItemPrice": "12,49€",
            "ItemUnit": "17,84€/l",
            "local_image_path": "Wein/ Spirituosen/Spirituosen/hendersonpink.jpg"
          },
          {
            "image_urls": [
              "https://www.edeka24.de/out/pictures/generated/product/1/224_224_90/bacardirazz.jpg"
            ],
            "ItemTitle": "Bacardi Razz 0,7L",
            "ItemSalePrice": "11,99€",
            "ItemUnit": "17,13€/l",
            "local_image_path": "Angebote/default_subcategory/bacardirazz.jpg"
          },
          {
            "image_urls": [
              "https://www.edeka24.de/out/pictures/generated/product/1/224_224_90/saurerjoster.jpg"
            ],
            "ItemTitle": "Landwirth Saurer Joster 0,7L",
            "ItemPrice": "6,99€",
            "ItemUnit": "9,99€/l",
            "local_image_path": "Wein/ Spirituosen/Spirituosen/saurerjoster.jpg"
          },
          {
            "image_urls": [
              "https://www.edeka24.de/out/pictures/generated/product/1/224_224_90/weiskirlik.jpg"
            ],
            "ItemTitle": "Weis Schwarzwälder Kirschlikör 0,5L",
            "ItemPrice": "5,99€",
            "ItemUnit": "11,98€/l",
            "local_image_path": "Wein/ Spirituosen/Spirituosen/weiskirlik.jpg"
          },
          {
            "image_urls": [
              "https://www.edeka24.de/out/pictures/generated/product/1/224_224_90/wikingermetlegende.jpg"
            ],
            "ItemTitle": "Wikinger Met Legende 0,75L",
            "ItemPrice": "9,99€",
            "ItemUnit": "13,32€/l",
            "local_image_path": "Wein/ Spirituosen/Spirituosen/wikingermetlegende.jpg"
          },
          {
            "image_urls": [
              "https://www.edeka24.de/out/pictures/generated/product/1/224_224_90/uranovice.jpg"
            ],
            "ItemTitle": "Fürst Uranov Ice Dose 0,33L",
            "ItemPrice": "1,79€",
            "ItemUnit": "5,42€/lzzgl.0,25€Pfand",
            "local_image_path": "Wein/ Spirituosen/Spirituosen/uranovice.jpg"
          },
          {
            "image_urls": [
              "https://www.edeka24.de/out/pictures/generated/product/1/224_224_90/wodka_gorbatschow_taschenflasche_375_01l.jpg"
            ],
            "ItemTitle": "Wodka Gorbatschow 0,1L",
            "ItemPrice": "2,29€",
            "ItemUnit": "22,90€/l",
            "local_image_path": "Wein/ Spirituosen/Spirituosen/wodka_gorbatschow_taschenflasche_375_01l.jpg"
          },
          {
            "image_urls": [
              "https://www.edeka24.de/out/pictures/generated/product/1/224_224_90/finest-spirit-henderson.jpg"
            ],
            "ItemTitle": "Henderson Original Dry Gin 0,7L",
            "ItemPrice": "12,49€",
            "ItemUnit": "17,84€/l",
            "local_image_path": "Wein/ Spirituosen/Spirituosen/finest-spirit-henderson.jpg"
          },
          {
            "image_urls": [
              "https://www.edeka24.de/out/pictures/generated/product/1/224_224_90/hibikiwhisk.jpg"
            ],
            "ItemTitle": "Suntory Hibiki Whisky Japanese Harmony 43% GP 0,7L",
            "ItemPrice": "87,99€",
            "ItemUnit": "125,70€/l",
            "local_image_path": "Wein/ Spirituosen/Spirituosen/hibikiwhisk.jpg"
          },
          {
            "image_urls": [
              "https://www.edeka24.de/out/pictures/generated/product/1/224_224_90/havana_club_rum_anejo_especial.jpg"
            ],
            "ItemTitle": "Havana Club Rum Anejo Especial 0,7L",
            "ItemPrice": "17,49€",
            "ItemUnit": "24,99€/l",
            "local_image_path": "Wein/ Spirituosen/Spirituosen/havana_club_rum_anejo_especial.jpg"
          },
          {
            "image_urls": [
              "https://www.edeka24.de/out/pictures/generated/product/1/224_224_90/tunel_de_mallorca_dulces_22_07l.jpg"
            ],
            "ItemTitle": "Tunel de Mallorca Dulces 0,7L",
            "ItemPrice": "11,99€",
            "ItemUnit": "17,13€/l",
            "local_image_path": "Wein/ Spirituosen/Spirituosen/tunel_de_mallorca_dulces_22_07l.jpg"
          },
          {
            "image_urls": [
              "https://www.edeka24.de/out/pictures/generated/product/1/224_224_90/puschkinwoddi.jpg"
            ],
            "ItemTitle": "Puschkin Vodka 0,7L",
            "ItemPrice": "8,49€",
            "ItemUnit": "12,13€/l",
            "local_image_path": "Wein/ Spirituosen/Spirituosen/puschkinwoddi.jpg"
          },
          {
            "image_urls": [
              "https://www.edeka24.de/out/pictures/generated/product/1/224_224_90/schwarzwaldhof_williams-christbirnen-brand.jpg"
            ],
            "ItemTitle": "Fies Schwarzwaldhof Williams Christ Birnen Brand 0,7L",
            "ItemPrice": "11,29€",
            "ItemUnit": "16,13€/l",
            "local_image_path": "Wein/ Spirituosen/Spirituosen/schwarzwaldhof_williams-christbirnen-brand.jpg"
          },
          {
            "image_urls": [
              "https://www.edeka24.de/out/pictures/generated/product/1/224_224_90/rendezvous_eierlikr_mild.jpg"
            ],
            "ItemTitle": "Rendezvous Eierlikör mild 0,7L",
            "ItemPrice": "5,19€",
            "ItemUnit": "7,41€/l",
            "local_image_path": "Wein/ Spirituosen/Spirituosen/rendezvous_eierlikr_mild.jpg"
          },
          {
            "image_urls": [
              "https://www.edeka24.de/out/pictures/generated/product/1/224_224_90/crema_di_limoncello_17_vol_05_ltr_flasche.jpg"
            ],
            "ItemTitle": "Rialto Crema di Lemoncello 0,5L",
            "ItemPrice": "7,99€",
            "ItemUnit": "15,98€/l",
            "local_image_path": "Wein/ Spirituosen/Spirituosen/crema_di_limoncello_17_vol_05_ltr_flasche.jpg"
          },
          {
            "image_urls": [
              "https://www.edeka24.de/out/pictures/generated/product/1/224_224_90/propertwelve.jpg"
            ],
            "ItemTitle": "Proper Twelve Whiskey 40% 0,7L",
            "ItemPrice": "20,99€",
            "ItemUnit": "29,99€/l",
            "local_image_path": "Wein/ Spirituosen/Spirituosen/propertwelve.jpg"
          },
          {
            "image_urls": [
              "https://www.edeka24.de/out/pictures/generated/product/1/224_224_90/andal_aperitif_liqueur_mit_sanddorn.jpg"
            ],
            "ItemTitle": "Andalö Aperitif Liqueur mit Sanddorn 0,7L",
            "ItemPrice": "10,99€",
            "ItemUnit": "15,70€/l",
            "local_image_path": "Wein/ Spirituosen/Spirituosen/andal_aperitif_liqueur_mit_sanddorn.jpg"
          },
          {
            "image_urls": [
              "https://www.edeka24.de/out/pictures/generated/product/1/224_224_90/dooleysmarzipan.jpg"
            ],
            "ItemTitle": "Dooley's Marzipan Cream Liqueur 0,7L",
            "ItemPrice": "10,99€",
            "ItemUnit": "15,70€/l",
            "local_image_path": "Wein/ Spirituosen/Spirituosen/dooleysmarzipan.jpg"
          },
          {
            "image_urls": [
              "https://www.edeka24.de/out/pictures/generated/product/1/224_224_90/3057230000277_preview.png"
            ],
            "ItemTitle": "Lillet Aperitif Rosé 0,75L",
            "ItemPrice": "16,49€",
            "ItemUnit": "21,99€/l",
            "local_image_path": "Wein/ Spirituosen/Spirituosen/3057230000277_preview.png"
          },
          {
            "image_urls": [
              "https://www.edeka24.de/out/pictures/generated/product/1/224_224_90/gordon039s_london_dry_gin_375_1_ltr.jpg"
            ],
            "ItemTitle": "Gordon's London Dry Gin 1L",
            "ItemPrice": "20,69€",
            "ItemUnit": "20,69€/l",
            "local_image_path": "Wein/ Spirituosen/Spirituosen/gordon039s_london_dry_gin_375_1_ltr.jpg"
          },
          {
            "image_urls": [
              "https://www.edeka24.de/out/pictures/generated/product/1/224_224_90/captain-morgang-gold-5000299223017.jpg"
            ],
            "ItemTitle": "Captain Morgan Original Spiced Gold 0,7L",
            "ItemPrice": "13,99€",
            "ItemUnit": "19,99€/l",
            "local_image_path": "Wein/ Spirituosen/Spirituosen/captain-morgang-gold-5000299223017.jpg"
          },
          {
            "image_urls": [
              "https://www.edeka24.de/out/pictures/generated/product/1/224_224_90/jim_beam_black_cherry_schwarzkirschenlikr_mit_kentucky_straight_bourbon_whiskey_325_07l.jpg"
            ],
            "ItemTitle": "Jim Beam Black Cherry mit Kentucky Straight Bourbon Whiskey 32,5% 0,7L",
            "ItemPrice": "16,49€",
            "ItemUnit": "23,56€/l",
            "local_image_path": "Wein/ Spirituosen/Spirituosen/jim_beam_black_cherry_schwarzkirschenlikr_mit_kentucky_straight_bourbon_whiskey_325_07l.jpg"
          },
          {
            "image_urls": [
              "https://www.edeka24.de/out/pictures/generated/product/1/224_224_90/pitu_caipirinha_10_033l_dpg.jpg"
            ],
            "ItemTitle": "Pitu Caipirinha 0,33L",
            "ItemPrice": "2,79€",
            "ItemUnit": "8,45€/lzzgl.0,25€Pfand",
            "local_image_path": "Wein/ Spirituosen/Spirituosen/pitu_caipirinha_10_033l_dpg.jpg"
          },
          {
            "image_urls": [
              "https://www.edeka24.de/out/pictures/generated/product/1/224_224_90/boar-gin.jpg"
            ],
            "ItemTitle": "Boar Black Forest Premium Dry Gin 0,5L + Caliber Likör 40ML",
            "ItemSalePrice": "26,99€",
            "ItemUnit": "53,98€/l",
            "local_image_path": "Wein/ Spirituosen/Spirituosen/boar-gin.jpg"
          },
          {
            "image_urls": [
              "https://www.edeka24.de/out/pictures/generated/product/1/224_224_90/carissima_limoncello_30_07l.jpg"
            ],
            "ItemTitle": "Carissima Limoncello 0,7L",
            "ItemPrice": "15,99€",
            "ItemUnit": "22,84€/l",
            "local_image_path": "Wein/ Spirituosen/Spirituosen/carissima_limoncello_30_07l.jpg"
          },
          {
            "image_urls": [
              "https://www.edeka24.de/out/pictures/generated/product/1/224_224_90/weisbodenseeobstler.jpg"
            ],
            "ItemTitle": "Weis Bodensee Obstler 0,7L",
            "ItemPrice": "8,49€",
            "ItemUnit": "12,13€/l",
            "local_image_path": "Wein/ Spirituosen/Spirituosen/weisbodenseeobstler.jpg"
          },
          {
            "image_urls": [
              "https://www.edeka24.de/out/pictures/generated/product/1/224_224_90/alpenschnapshaselnuss.jpg"
            ],
            "ItemTitle": "Alpenschnaps Haselnuss 1L",
            "ItemPrice": "15,49€",
            "ItemUnit": "15,49€/l",
            "local_image_path": "Wein/ Spirituosen/Spirituosen/alpenschnapshaselnuss.jpg"
          },
          {
            "image_urls": [
              "https://www.edeka24.de/out/pictures/generated/product/1/224_224_90/chantre_weinbrand_36_035l.jpg"
            ],
            "ItemTitle": "Chantre Weinbrand 0,35L",
            "ItemPrice": "5,29€",
            "ItemUnit": "15,11€/l",
            "local_image_path": "Wein/ Spirituosen/Spirituosen/chantre_weinbrand_36_035l.jpg"
          },
          {
            "image_urls": [
              "https://www.edeka24.de/out/pictures/generated/product/1/224_224_90/4045144710701_mariacron_weinbrand_ve.jpg"
            ],
            "ItemTitle": "Mariacron Weinbrand 0,7L",
            "ItemPrice": "8,99€",
            "ItemUnit": "12,84€/l",
            "local_image_path": "Wein/ Spirituosen/Spirituosen/4045144710701_mariacron_weinbrand_ve.jpg"
          },
          {
            "image_urls": [
              "https://www.edeka24.de/out/pictures/generated/product/1/224_224_90/-4062400121484.jpg"
            ],
            "ItemTitle": "L'Héritier-Guyot Cassissee Original Cassis de Dijon 0,7L",
            "ItemPrice": "10,49€",
            "ItemUnit": "14,99€/l",
            "local_image_path": "Wein/ Spirituosen/Spirituosen/-4062400121484.jpg"
          },
          {
            "image_urls": [
              "https://www.edeka24.de/out/pictures/generated/product/1/224_224_90/jack_daniels_whiskey_amp_cola_033l.jpg"
            ],
            "ItemTitle": "Jack Daniel's Whiskey & Cola 0,33L",
            "ItemPrice": "3,19€",
            "ItemUnit": "9,67€/lzzgl.0,25€Pfand",
            "local_image_path": "Wein/ Spirituosen/Spirituosen/jack_daniels_whiskey_amp_cola_033l.jpg"
          },
          {
            "image_urls": [
              "https://www.edeka24.de/out/pictures/generated/product/1/224_224_90/di_alfino_grappa_05_ltr.jpg"
            ],
            "ItemTitle": "Di Alfino Grappa 0,5L",
            "ItemPrice": "5,99€",
            "ItemUnit": "11,98€/l",
            "local_image_path": "Wein/ Spirituosen/Spirituosen/di_alfino_grappa_05_ltr.jpg"
          },
          {
            "image_urls": [
              "https://www.edeka24.de/out/pictures/generated/product/1/224_224_90/fies_select_schwarzwlder_mirabellenwasser_07_ltr.jpg"
            ],
            "ItemTitle": "Fies Select Schwarzwälder Mirabellenwasser 0,7 ltr",
            "ItemPrice": "11,99€",
            "ItemUnit": "17,13€/l",
            "local_image_path": "Wein/ Spirituosen/Spirituosen/fies_select_schwarzwlder_mirabellenwasser_07_ltr.jpg"
          },
          {
            "image_urls": [
              "https://www.edeka24.de/out/pictures/generated/product/1/224_224_90/kleiner-klopfer-crazy-mix-25er.jpg"
            ],
            "ItemTitle": "Kleiner Klopfer Crazy Mix 15-18% 5-fach 25ST 0,5L",
            "ItemPrice": "10,99€",
            "ItemUnit": "21,98€/l",
            "local_image_path": "Wein/ Spirituosen/Spirituosen/highland_park_18_jahre_single_malt_whisky.jpg"
          },
          {
            "image_urls": [
              "https://www.edeka24.de/out/pictures/generated/product/1/224_224_90/smirnoff_premium_vodka_nr_21.jpg"
            ],
            "ItemTitle": "Smirnoff Premium Vodka Nr. 21 0,7L",
            "ItemPrice": "13,49€",
            "ItemUnit": "19,27€/l",
            "local_image_path": "Wein/ Spirituosen/Spirituosen/smirnoff_premium_vodka_nr_21.jpg"
          },
          {
            "image_urls": [
              "https://www.edeka24.de/out/pictures/generated/product/1/224_224_90/roterwikingermet.jpg"
            ],
            "ItemTitle": "Wikinger Met Rot mit Kirschsaft 0,75L",
            "ItemPrice": "5,99€",
            "ItemUnit": "7,99€/l",
            "local_image_path": "Wein/ Spirituosen/Spirituosen/roterwikingermet.jpg"
          },
          {
            "image_urls": [
              "https://www.edeka24.de/out/pictures/generated/product/1/224_224_90/metaxa_7_sterne_07l.jpg"
            ],
            "ItemTitle": "Metaxa 7 Sterne 0,7L",
            "ItemSalePrice": "15,99€",
            "ItemUnit": "22,84€/l",
            "local_image_path": "Angebote/default_subcategory/metaxa_7_sterne_07l.jpg"
          },
          {
            "image_urls": [
              "https://www.edeka24.de/out/pictures/generated/product/1/224_224_90/schladerer_klassiker_07_obstwasser.jpg"
            ],
            "ItemTitle": "Schladerer Klassik Obstwasserbrand 0,7L",
            "ItemPrice": "12,99€",
            "ItemUnit": "18,56€/l",
            "local_image_path": "Wein/ Spirituosen/Spirituosen/schladerer_klassiker_07_obstwasser.jpg"
          },
          {
            "image_urls": [
              "https://www.edeka24.de/out/pictures/generated/product/1/224_224_90/jgermeister-kruterlikr-07.jpg"
            ],
            "ItemTitle": "Jägermeister Kräuterlikör 0,7L",
            "ItemPrice": "13,49€",
            "ItemUnit": "19,27€/l",
            "local_image_path": "Wein/ Spirituosen/Spirituosen/jgermeister-kruterlikr-07.jpg"
          },
          {
            "image_urls": [
              "https://www.edeka24.de/out/pictures/generated/product/1/224_224_90/original_ouzo_12_07l.jpg"
            ],
            "ItemTitle": "Original Ouzo 12 0,7L",
            "ItemPrice": "11,99€",
            "ItemUnit": "17,13€/l",
            "local_image_path": "Wein/ Spirituosen/Spirituosen/original_ouzo_12_07l.jpg"
          },
          {
            "image_urls": [
              "https://www.edeka24.de/out/pictures/generated/product/1/224_224_90/bortzmeyer_traditionell_elsass_quetsch.jpg"
            ],
            "ItemTitle": "Bortzmeyer Traditionell Elsass Quetsch 0,7L",
            "ItemPrice": "12,49€",
            "ItemUnit": "17,84€/l",
            "local_image_path": "Wein/ Spirituosen/Spirituosen/bortzmeyer_traditionell_elsass_quetsch.jpg"
          },
          {
            "image_urls": [
              "https://www.edeka24.de/out/pictures/generated/product/1/224_224_90/deussamos.jpg"
            ],
            "ItemTitle": "Cavino Deus Samos Muscat 0,75L",
            "ItemPrice": "7,99€",
            "ItemUnit": "10,65€/l",
            "local_image_path": "Wein/ Spirituosen/Spirituosen/deussamos.jpg"
          },
          {
            "image_urls": [
              "https://www.edeka24.de/out/pictures/generated/product/1/224_224_90/bulleit_bourbon_frontier_whiskey_45_07.jpg"
            ],
            "ItemTitle": "Bulleit Bourbon Frontier Whiskey 45% 0,7L",
            "ItemPrice": "25,99€",
            "ItemUnit": "37,13€/l",
            "local_image_path": "Wein/ Spirituosen/Spirituosen/highland_park_18_jahre_single_malt_whisky.jpg"
          },
          {
            "image_urls": [
              "https://www.edeka24.de/out/pictures/generated/product/1/224_224_90/cointreau.jpg"
            ],
            "ItemTitle": "Cointreau Orangenlikör 0,7L",
            "ItemPrice": "20,99€",
            "ItemUnit": "29,99€/l",
            "local_image_path": "Wein/ Spirituosen/Spirituosen/cointreau.jpg"
          },
          {
            "image_urls": [
              "https://www.edeka24.de/out/pictures/generated/product/1/224_224_90/lindenhof_limoncello_28_05l.jpg"
            ],
            "ItemTitle": "Rialto Limoncello 0,5L",
            "ItemPrice": "7,49€",
            "ItemUnit": "14,98€/l",
            "local_image_path": "Wein/ Spirituosen/Spirituosen/highland_park_18_jahre_single_malt_whisky.jpg"
          },
          {
            "image_urls": [
              "https://www.edeka24.de/out/pictures/generated/product/1/224_224_90/bauernhaus_apfel_mit_korn_18_01l.jpg"
            ],
            "ItemTitle": "Bauernhaus Apfel mit Korn 0,1L",
            "ItemPrice": "1,29€",
            "ItemUnit": "12,90€/l",
            "local_image_path": "Wein/ Spirituosen/Spirituosen/bauernhaus_apfel_mit_korn_18_01l.jpg"
          },
          {
            "image_urls": [
              "https://www.edeka24.de/out/pictures/generated/product/1/224_224_90/weispfllik.jpg"
            ],
            "ItemTitle": "Weis Schwarzwälder Pflaumenlikör 0,5L",
            "ItemPrice": "5,79€",
            "ItemUnit": "11,58€/l",
            "local_image_path": "Wein/ Spirituosen/Spirituosen/highland_park_18_jahre_single_malt_whisky.jpg"
          },
          {
            "image_urls": [
              "https://www.edeka24.de/out/pictures/generated/product/1/224_224_90/asbach_coffeeampampcream_15_07l.jpg"
            ],
            "ItemTitle": "Asbach Coffee & Cream 0,7L",
            "ItemPrice": "14,49€",
            "ItemUnit": "20,70€/l",
            "local_image_path": "Wein/ Spirituosen/Spirituosen/asbach_coffeeampampcream_15_07l.jpg"
          },
          {
            "image_urls": [
              "https://www.edeka24.de/out/pictures/generated/product/1/224_224_90/berentzen_fruchtiger_apfel_07_ltr.jpg"
            ],
            "ItemTitle": "Berentzen Fruchtiger Apfel 0,7L",
            "ItemPrice": "7,99€",
            "ItemUnit": "11,41€/l",
            "local_image_path": "Wein/ Spirituosen/Spirituosen/berentzen_fruchtiger_apfel_07_ltr.jpg"
          },
          {
            "image_urls": [
              "https://www.edeka24.de/out/pictures/generated/product/1/224_224_90/campari_soda_10_50098l.jpg"
            ],
            "ItemTitle": "Campari Soda 5x 98ML",
            "ItemPrice": "6,49€",
            "ItemUnit": "13,24€/l",
            "local_image_path": "Wein/ Spirituosen/Sekt-Prosecco/campari_soda_10_50098l.jpg"
          },
          {
            "image_urls": [
              "https://www.edeka24.de/out/pictures/generated/product/1/224_224_90/weispopcornlik.jpg"
            ],
            "ItemTitle": "Weis Popkorn Likör 0,5L",
            "ItemPrice": "6,29€",
            "ItemUnit": "12,58€/l",
            "local_image_path": "Wein/ Spirituosen/Spirituosen/weispopcornlik.jpg"
          },
          {
            "image_urls": [
              "https://www.edeka24.de/out/pictures/generated/product/1/224_224_90/alpenschnapshimbeere.jpg"
            ],
            "ItemTitle": "Alpenschnaps Himbeer 1L",
            "ItemPrice": "15,49€",
            "ItemUnit": "15,49€/l",
            "local_image_path": "Wein/ Spirituosen/Spirituosen/highland_park_18_jahre_single_malt_whisky.jpg"
          },
          {
            "image_urls": [
              "https://www.edeka24.de/out/pictures/generated/product/1/224_224_90/famp220rst_uranov_wodka_375_01l.jpg"
            ],
            "ItemTitle": "Fürst Uranov Wodka 0,1L",
            "ItemPrice": "1,59€",
            "ItemUnit": "15,90€/l",
            "local_image_path": "Jetzt wird gerettet!/default_subcategory/famp220rst_uranov_wodka_375_01l.jpg"
          },
          {
            "image_urls": [
              "https://www.edeka24.de/out/pictures/generated/product/1/224_224_90/pitu_cachaca_38_07l.jpg"
            ],
            "ItemTitle": "Pitu Cachaca 0,7L",
            "ItemSalePrice": "10,99€",
            "ItemUnit": "15,70€/l",
            "local_image_path": "Angebote/default_subcategory/pitu_cachaca_38_07l.jpg"
          },
          {
            "image_urls": [
              "https://www.edeka24.de/out/pictures/generated/product/1/224_224_90/carissima_limoncello_30_07l.jpg"
            ],
            "ItemTitle": "Carissima Limoncello 0,7L",
            "ItemPrice": "15,99€",
            "ItemUnit": "22,84€/l",
            "local_image_path": "Wein/ Spirituosen/Spirituosen/carissima_limoncello_30_07l.jpg"
          },
          {
            "image_urls": [
              "https://www.edeka24.de/out/pictures/generated/product/1/224_224_90/weisbodenseeobstler.jpg"
            ],
            "ItemTitle": "Weis Bodensee Obstler 0,7L",
            "ItemPrice": "8,49€",
            "ItemUnit": "12,13€/l",
            "local_image_path": "Wein/ Spirituosen/Spirituosen/weisbodenseeobstler.jpg"
          },
          {
            "image_urls": [
              "https://www.edeka24.de/out/pictures/generated/product/1/224_224_90/alpenschnapshaselnuss.jpg"
            ],
            "ItemTitle": "Alpenschnaps Haselnuss 1L",
            "ItemPrice": "15,49€",
            "ItemUnit": "15,49€/l",
            "local_image_path": "Wein/ Spirituosen/Spirituosen/alpenschnapshaselnuss.jpg"
          },
          {
            "image_urls": [
              "https://www.edeka24.de/out/pictures/generated/product/1/224_224_90/chantre_weinbrand_36_035l.jpg"
            ],
            "ItemTitle": "Chantre Weinbrand 0,35L",
            "ItemPrice": "5,29€",
            "ItemUnit": "15,11€/l",
            "local_image_path": "Wein/ Spirituosen/Spirituosen/chantre_weinbrand_36_035l.jpg"
          },
          {
            "image_urls": [
              "https://www.edeka24.de/out/pictures/generated/product/1/224_224_90/4045144710701_mariacron_weinbrand_ve.jpg"
            ],
            "ItemTitle": "Mariacron Weinbrand 0,7L",
            "ItemPrice": "8,99€",
            "ItemUnit": "12,84€/l",
            "local_image_path": "Wein/ Spirituosen/Spirituosen/4045144710701_mariacron_weinbrand_ve.jpg"
          },
          {
            "image_urls": [
              "https://www.edeka24.de/out/pictures/generated/product/1/224_224_90/-4062400121484.jpg"
            ],
            "ItemTitle": "L'Héritier-Guyot Cassissee Original Cassis de Dijon 0,7L",
            "ItemPrice": "10,49€",
            "ItemUnit": "14,99€/l",
            "local_image_path": "Wein/ Spirituosen/Spirituosen/-4062400121484.jpg"
          },
          {
            "image_urls": [
              "https://www.edeka24.de/out/pictures/generated/product/1/224_224_90/jack_daniels_whiskey_amp_cola_033l.jpg"
            ],
            "ItemTitle": "Jack Daniel's Whiskey & Cola 0,33L",
            "ItemPrice": "3,19€",
            "ItemUnit": "9,67€/lzzgl.0,25€Pfand",
            "local_image_path": "Wein/ Spirituosen/Spirituosen/jack_daniels_whiskey_amp_cola_033l.jpg"
          },
          {
            "image_urls": [
              "https://www.edeka24.de/out/pictures/generated/product/1/224_224_90/di_alfino_grappa_05_ltr.jpg"
            ],
            "ItemTitle": "Di Alfino Grappa 0,5L",
            "ItemPrice": "5,99€",
            "ItemUnit": "11,98€/l",
            "local_image_path": "Wein/ Spirituosen/Spirituosen/di_alfino_grappa_05_ltr.jpg"
          },
          {
            "image_urls": [
              "https://www.edeka24.de/out/pictures/generated/product/1/224_224_90/fies_select_schwarzwlder_mirabellenwasser_07_ltr.jpg"
            ],
            "ItemTitle": "Fies Select Schwarzwälder Mirabellenwasser 0,7 ltr",
            "ItemPrice": "11,99€",
            "ItemUnit": "17,13€/l",
            "local_image_path": "Wein/ Spirituosen/Spirituosen/fies_select_schwarzwlder_mirabellenwasser_07_ltr.jpg"
          },
          {
            "image_urls": [
              "https://www.edeka24.de/out/pictures/generated/product/1/224_224_90/kleiner-klopfer-crazy-mix-25er.jpg"
            ],
            "ItemTitle": "Kleiner Klopfer Crazy Mix 15-18% 5-fach 25ST 0,5L",
            "ItemPrice": "10,99€",
            "ItemUnit": "21,98€/l",
            "local_image_path": "Wein/ Spirituosen/Spirituosen/highland_park_18_jahre_single_malt_whisky.jpg"
          },
          {
            "image_urls": [
              "https://www.edeka24.de/out/pictures/generated/product/1/224_224_90/smirnoff_premium_vodka_nr_21.jpg"
            ],
            "ItemTitle": "Smirnoff Premium Vodka Nr. 21 0,7L",
            "ItemPrice": "13,49€",
            "ItemUnit": "19,27€/l",
            "local_image_path": "Wein/ Spirituosen/Spirituosen/smirnoff_premium_vodka_nr_21.jpg"
          },
          {
            "image_urls": [
              "https://www.edeka24.de/out/pictures/generated/product/1/224_224_90/roterwikingermet.jpg"
            ],
            "ItemTitle": "Wikinger Met Rot mit Kirschsaft 0,75L",
            "ItemPrice": "5,99€",
            "ItemUnit": "7,99€/l",
            "local_image_path": "Wein/ Spirituosen/Spirituosen/roterwikingermet.jpg"
          },
          {
            "image_urls": [
              "https://www.edeka24.de/out/pictures/generated/product/1/224_224_90/metaxa_7_sterne_07l.jpg"
            ],
            "ItemTitle": "Metaxa 7 Sterne 0,7L",
            "ItemSalePrice": "15,99€",
            "ItemUnit": "22,84€/l",
            "local_image_path": "Angebote/default_subcategory/metaxa_7_sterne_07l.jpg"
          },
          {
            "image_urls": [
              "https://www.edeka24.de/out/pictures/generated/product/1/224_224_90/schladerer_klassiker_07_obstwasser.jpg"
            ],
            "ItemTitle": "Schladerer Klassik Obstwasserbrand 0,7L",
            "ItemPrice": "12,99€",
            "ItemUnit": "18,56€/l",
            "local_image_path": "Wein/ Spirituosen/Spirituosen/schladerer_klassiker_07_obstwasser.jpg"
          },
          {
            "image_urls": [
              "https://www.edeka24.de/out/pictures/generated/product/1/224_224_90/jgermeister-kruterlikr-07.jpg"
            ],
            "ItemTitle": "Jägermeister Kräuterlikör 0,7L",
            "ItemPrice": "13,49€",
            "ItemUnit": "19,27€/l",
            "local_image_path": "Wein/ Spirituosen/Spirituosen/jgermeister-kruterlikr-07.jpg"
          },
          {
            "image_urls": [
              "https://www.edeka24.de/out/pictures/generated/product/1/224_224_90/original_ouzo_12_07l.jpg"
            ],
            "ItemTitle": "Original Ouzo 12 0,7L",
            "ItemPrice": "11,99€",
            "ItemUnit": "17,13€/l",
            "local_image_path": "Wein/ Spirituosen/Spirituosen/original_ouzo_12_07l.jpg"
          },
          {
            "image_urls": [
              "https://www.edeka24.de/out/pictures/generated/product/1/224_224_90/bortzmeyer_traditionell_elsass_quetsch.jpg"
            ],
            "ItemTitle": "Bortzmeyer Traditionell Elsass Quetsch 0,7L",
            "ItemPrice": "12,49€",
            "ItemUnit": "17,84€/l",
            "local_image_path": "Wein/ Spirituosen/Spirituosen/bortzmeyer_traditionell_elsass_quetsch.jpg"
          },
          {
            "image_urls": [
              "https://www.edeka24.de/out/pictures/generated/product/1/224_224_90/deussamos.jpg"
            ],
            "ItemTitle": "Cavino Deus Samos Muscat 0,75L",
            "ItemPrice": "7,99€",
            "ItemUnit": "10,65€/l",
            "local_image_path": "Wein/ Spirituosen/Spirituosen/deussamos.jpg"
          },
          {
            "image_urls": [
              "https://www.edeka24.de/out/pictures/generated/product/1/224_224_90/bulleit_bourbon_frontier_whiskey_45_07.jpg"
            ],
            "ItemTitle": "Bulleit Bourbon Frontier Whiskey 45% 0,7L",
            "ItemPrice": "25,99€",
            "ItemUnit": "37,13€/l",
            "local_image_path": "Wein/ Spirituosen/Spirituosen/highland_park_18_jahre_single_malt_whisky.jpg"
          },
          {
            "image_urls": [
              "https://www.edeka24.de/out/pictures/generated/product/1/224_224_90/cointreau.jpg"
            ],
            "ItemTitle": "Cointreau Orangenlikör 0,7L",
            "ItemPrice": "20,99€",
            "ItemUnit": "29,99€/l",
            "local_image_path": "Wein/ Spirituosen/Spirituosen/cointreau.jpg"
          },
          {
            "image_urls": [
              "https://www.edeka24.de/out/pictures/generated/product/1/224_224_90/lindenhof_limoncello_28_05l.jpg"
            ],
            "ItemTitle": "Rialto Limoncello 0,5L",
            "ItemPrice": "7,49€",
            "ItemUnit": "14,98€/l",
            "local_image_path": "Wein/ Spirituosen/Spirituosen/highland_park_18_jahre_single_malt_whisky.jpg"
          },
          {
            "image_urls": [
              "https://www.edeka24.de/out/pictures/generated/product/1/224_224_90/bauernhaus_apfel_mit_korn_18_01l.jpg"
            ],
            "ItemTitle": "Bauernhaus Apfel mit Korn 0,1L",
            "ItemPrice": "1,29€",
            "ItemUnit": "12,90€/l",
            "local_image_path": "Wein/ Spirituosen/Spirituosen/bauernhaus_apfel_mit_korn_18_01l.jpg"
          },
          {
            "image_urls": [
              "https://www.edeka24.de/out/pictures/generated/product/1/224_224_90/weispfllik.jpg"
            ],
            "ItemTitle": "Weis Schwarzwälder Pflaumenlikör 0,5L",
            "ItemPrice": "5,79€",
            "ItemUnit": "11,58€/l",
            "local_image_path": "Wein/ Spirituosen/Spirituosen/highland_park_18_jahre_single_malt_whisky.jpg"
          },
          {
            "image_urls": [
              "https://www.edeka24.de/out/pictures/generated/product/1/224_224_90/asbach_coffeeampampcream_15_07l.jpg"
            ],
            "ItemTitle": "Asbach Coffee & Cream 0,7L",
            "ItemPrice": "14,49€",
            "ItemUnit": "20,70€/l",
            "local_image_path": "Wein/ Spirituosen/Spirituosen/asbach_coffeeampampcream_15_07l.jpg"
          },
          {
            "image_urls": [
              "https://www.edeka24.de/out/pictures/generated/product/1/224_224_90/berentzen_fruchtiger_apfel_07_ltr.jpg"
            ],
            "ItemTitle": "Berentzen Fruchtiger Apfel 0,7L",
            "ItemPrice": "7,99€",
            "ItemUnit": "11,41€/l",
            "local_image_path": "Wein/ Spirituosen/Spirituosen/berentzen_fruchtiger_apfel_07_ltr.jpg"
          },
          {
            "image_urls": [
              "https://www.edeka24.de/out/pictures/generated/product/1/224_224_90/campari_soda_10_50098l.jpg"
            ],
            "ItemTitle": "Campari Soda 5x 98ML",
            "ItemPrice": "6,49€",
            "ItemUnit": "13,24€/l",
            "local_image_path": "Wein/ Spirituosen/Sekt-Prosecco/campari_soda_10_50098l.jpg"
          },
          {
            "image_urls": [
              "https://www.edeka24.de/out/pictures/generated/product/1/224_224_90/weispopcornlik.jpg"
            ],
            "ItemTitle": "Weis Popkorn Likör 0,5L",
            "ItemPrice": "6,29€",
            "ItemUnit": "12,58€/l",
            "local_image_path": "Wein/ Spirituosen/Spirituosen/weispopcornlik.jpg"
          },
          {
            "image_urls": [
              "https://www.edeka24.de/out/pictures/generated/product/1/224_224_90/alpenschnapshimbeere.jpg"
            ],
            "ItemTitle": "Alpenschnaps Himbeer 1L",
            "ItemPrice": "15,49€",
            "ItemUnit": "15,49€/l",
            "local_image_path": "Wein/ Spirituosen/Spirituosen/highland_park_18_jahre_single_malt_whisky.jpg"
          },
          {
            "image_urls": [
              "https://www.edeka24.de/out/pictures/generated/product/1/224_224_90/famp220rst_uranov_wodka_375_01l.jpg"
            ],
            "ItemTitle": "Fürst Uranov Wodka 0,1L",
            "ItemPrice": "1,59€",
            "ItemUnit": "15,90€/l",
            "local_image_path": "Jetzt wird gerettet!/default_subcategory/famp220rst_uranov_wodka_375_01l.jpg"
          },
          {
            "image_urls": [
              "https://www.edeka24.de/out/pictures/generated/product/1/224_224_90/pitu_cachaca_38_07l.jpg"
            ],
            "ItemTitle": "Pitu Cachaca 0,7L",
            "ItemSalePrice": "10,99€",
            "ItemUnit": "15,70€/l",
            "local_image_path": "Angebote/default_subcategory/pitu_cachaca_38_07l.jpg"
          },
          {
            "image_urls": [
              "https://www.edeka24.de/out/pictures/generated/product/1/224_224_90/schladererminis.jpg"
            ],
            "ItemTitle": "Schladerer Miniaturen-Mix 6ST 180ML",
            "ItemPrice": "14,99€",
            "ItemUnit": "83,28€/l",
            "local_image_path": "Wein/ Spirituosen/Spirituosen/highland_park_18_jahre_single_malt_whisky.jpg"
          },
          {
            "image_urls": [
              "https://www.edeka24.de/out/pictures/generated/product/1/224_224_90/hartls_jagertee.jpg"
            ],
            "ItemTitle": "Hartl´s Jagertee 0,5L",
            "ItemPrice": "9,49€",
            "ItemUnit": "18,98€/l",
            "local_image_path": "Wein/ Spirituosen/Spirituosen/hartls_jagertee.jpg"
          },
          {
            "image_urls": [
              "https://www.edeka24.de/out/pictures/generated/product/1/224_224_90/weis_waldmei_wodka_16_07l.jpg"
            ],
            "ItemTitle": "Maroska Waldmeister verfeinert mit Wodka 0,7L",
            "ItemPrice": "4,59€",
            "ItemUnit": "6,56€/l",
            "local_image_path": "Wein/ Spirituosen/Spirituosen/highland_park_18_jahre_single_malt_whisky.jpg"
          },
          {
            "image_urls": [
              "https://www.edeka24.de/out/pictures/generated/product/1/224_224_90/fies_eierlikkirschw2005l.jpg"
            ],
            "ItemTitle": "Fies Eierlikör mit Schwarzwälder Kirschwasser verfeinert 0,5L",
            "ItemPrice": "9,49€",
            "ItemUnit": "18,98€/l",
            "local_image_path": "Wein/ Spirituosen/Spirituosen/highland_park_18_jahre_single_malt_whisky.jpg"
          },
          {
            "image_urls": [
              "https://www.edeka24.de/out/pictures/generated/product/1/224_224_90/jack_daniels_berry_10_033l_dpg.jpg"
            ],
            "ItemTitle": "Jack Daniel's Whiskey & Berry 0,33L",
            "ItemPrice": "2,99€",
            "ItemUnit": "9,06€/lzzgl.0,25€Pfand",
            "local_image_path": "Wein/ Spirituosen/Spirituosen/highland_park_18_jahre_single_malt_whisky.jpg"
          },
          {
            "image_urls": [
              "https://www.edeka24.de/out/pictures/generated/product/1/224_224_90/bortzmeyer_vieille_eau_de_vie_poire_william.jpg"
            ],
            "ItemTitle": "Bortzmeyer Poire William 0,7L",
            "ItemPrice": "13,29€",
            "ItemUnit": "18,99€/l",
            "local_image_path": "Wein/ Spirituosen/Spirituosen/highland_park_18_jahre_single_malt_whisky.jpg"
          },
          {
            "image_urls": [
              "https://www.edeka24.de/out/pictures/generated/product/1/224_224_90/echt_stonsdorfer_kruterlikr.jpg"
            ],
            "ItemTitle": "Echt Stonsdorfer Kräuterlikör 0,7L",
            "ItemPrice": "10,49€",
            "ItemUnit": "14,99€/l",
            "local_image_path": "Wein/ Spirituosen/Spirituosen/echt_stonsdorfer_kruterlikr.jpg"
          },
          {
            "image_urls": [
              "https://www.edeka24.de/out/pictures/generated/product/1/224_224_90/likr43_neu.jpg"
            ],
            "ItemTitle": "Cuarenta y Tres Likör 43 0,7L",
            "ItemPrice": "16,49€",
            "ItemUnit": "23,56€/l",
            "local_image_path": "Wein/ Spirituosen/Spirituosen/likr43_neu.jpg"
          },
          {
            "image_urls": [
              "https://www.edeka24.de/out/pictures/generated/product/1/224_224_90/schwarzwaldhof_schwarzwlderkirschwasser.jpg"
            ],
            "ItemTitle": "Schwarzwaldhof Schwarzwälder Kirschwasser 0,7L",
            "ItemPrice": "11,29€",
            "ItemUnit": "16,13€/l",
            "local_image_path": "Wein/ Spirituosen/Spirituosen/schwarzwaldhof_schwarzwlderkirschwasser.jpg"
          },
          {
            "image_urls": [
              "https://www.edeka24.de/out/pictures/generated/product/1/224_224_90/stolichnaya_vodka.jpg"
            ],
            "ItemTitle": "Stolichnaya Vodka 0,7L",
            "ItemPrice": "16,99€",
            "ItemUnit": "24,27€/l",
            "local_image_path": "Wein/ Spirituosen/Spirituosen/stolichnaya_vodka.jpg"
          },
          {
            "image_urls": [
              "https://www.edeka24.de/out/pictures/generated/product/1/224_224_90/schladerer_klassiker_07_himbeergeist.jpg"
            ],
            "ItemTitle": "Schladerer Klassik Himbeergeist 0,7L",
            "ItemPrice": "20,99€",
            "ItemUnit": "29,99€/l",
            "local_image_path": "Wein/ Spirituosen/Spirituosen/schladerer_klassiker_07_himbeergeist.jpg"
          },
          {
            "image_urls": [
              "https://www.edeka24.de/out/pictures/generated/product/1/224_224_90/fies_schwarzwaldhof_schwarzwamp228lder_zwetschgenwasser_40_01l.jpg"
            ],
            "ItemTitle": "Fies Schwarzwaldhof Schwarzwälder Zwetschgenwasser 0,1L",
            "ItemPrice": "2,49€",
            "ItemUnit": "24,90€/l",
            "local_image_path": "Wein/ Spirituosen/Spirituosen/fies_schwarzwaldhof_schwarzwamp228lder_zwetschgenwasser_40_01l.jpg"
          },
          {
            "image_urls": [
              "https://www.edeka24.de/out/pictures/generated/product/1/224_224_90/cavino_deus_mavrodaphne_aus_patra_15_samp252amp223_075l.jpg"
            ],
            "ItemTitle": "Cavino Deus Mavrodaphne aus Patra 0,75L",
            "ItemPrice": "6,99€",
            "ItemUnit": "9,32€/l",
            "local_image_path": "Wein/ Spirituosen/Spirituosen/cavino_deus_mavrodaphne_aus_patra_15_samp252amp223_075l.jpg"
          },
          {
            "image_urls": [
              "https://www.edeka24.de/out/pictures/generated/product/1/224_224_90/bacardi_rum_carta_negra_375_07l.jpg"
            ],
            "ItemTitle": "Bacardi Rum Carta Negra 0,7L",
            "ItemPrice": "14,49€",
            "ItemUnit": "20,70€/l",
            "local_image_path": "Wein/ Spirituosen/Spirituosen/bacardi_rum_carta_negra_375_07l.jpg"
          },
          {
            "image_urls": [
              "https://www.edeka24.de/out/pictures/generated/product/1/224_224_90/montajo_jamaica_rum_versschnitt_40_100ml.jpg"
            ],
            "ItemTitle": "Montajo Jamaica Rum Versschnitt 40% 100ML",
            "ItemPrice": "1,59€",
            "ItemUnit": "15,90€/l",
            "local_image_path": "Wein/ Spirituosen/Spirituosen/montajo_jamaica_rum_versschnitt_40_100ml.jpg"
          },
          {
            "image_urls": [
              "https://www.edeka24.de/out/pictures/generated/product/1/224_224_90/durbacheredlepflaume.jpg"
            ],
            "ItemTitle": "Durbacher Edle Pflaume 0,5L",
            "ItemPrice": "22,49€",
            "ItemUnit": "44,98€/l",
            "local_image_path": "Wein/ Spirituosen/Spirituosen/durbacheredlepflaume.jpg"
          },
          {
            "image_urls": [
              "https://www.edeka24.de/out/pictures/generated/product/1/224_224_90/aperol_spritz_105_3x02l.jpg"
            ],
            "ItemTitle": "Aperol Spritz 3ST 0,6L",
            "ItemPrice": "9,49€",
            "ItemUnit": "15,82€/l",
            "local_image_path": "Wein/ Spirituosen/Spirituosen/highland_park_18_jahre_single_malt_whisky.jpg"
          },
          {
            "image_urls": [
              "https://www.edeka24.de/out/pictures/generated/product/1/224_224_90/chateau-du-breuil-vsop.jpg"
            ],
            "ItemTitle": "Chateau du Breuil Calvados VSOP 0,7L",
            "ItemPrice": "25,99€",
            "ItemUnit": "37,13€/l",
            "local_image_path": "Wein/ Spirituosen/Spirituosen/chateau-du-breuil-vsop.jpg"
          },
          {
            "image_urls": [
              "https://www.edeka24.de/out/pictures/generated/product/1/224_224_90/schladerer_klassiker_07_kirschwasser.jpg"
            ],
            "ItemTitle": "Schladerer Klassik Schwarzwälder Kirschwasserbrand 0,7L",
            "ItemPrice": "20,99€",
            "ItemUnit": "29,99€/l",
            "local_image_path": "Wein/ Spirituosen/Spirituosen/schladerer_klassiker_07_kirschwasser.jpg"
          },
          {
            "image_urls": [
              "https://www.edeka24.de/out/pictures/generated/product/1/224_224_90/greygoose_500_z1.jpg"
            ],
            "ItemTitle": "Grey Goose Vodka 40% 0,7L",
            "ItemPrice": "39,99€",
            "ItemUnit": "57,13€/l",
            "local_image_path": "Wein/ Spirituosen/Spirituosen/highland_park_18_jahre_single_malt_whisky.jpg"
          },
          {
            "image_urls": [
              "https://www.edeka24.de/out/pictures/generated/product/1/224_224_90/havana_club_rum_extra_7_jahre.jpg"
            ],
            "ItemTitle": "Havana Club Rum Extra 7 Jahre 0,7L",
            "ItemPrice": "26,99€",
            "ItemUnit": "38,56€/l",
            "local_image_path": "Wein/ Spirituosen/Spirituosen/havana_club_rum_extra_7_jahre.jpg"
          },
          {
            "image_urls": [
              "https://www.edeka24.de/out/pictures/generated/product/1/224_224_90/beverbach.jpg"
            ],
            "ItemTitle": "Beverbach Whiskey Tri-Cask 43% GP 0,7L",
            "ItemPrice": "45,99€",
            "ItemUnit": "65,70€/l",
            "local_image_path": "Wein/ Spirituosen/Spirituosen/beverbach.jpg"
          },
          {
            "image_urls": [
              "https://www.edeka24.de/out/pictures/generated/product/1/224_224_90/asbach_aperitif_rose_075l.jpg"
            ],
            "ItemTitle": "Asbach Aperitif Rose 0,75L",
            "ItemPrice": "14,49€",
            "ItemUnit": "19,32€/l",
            "local_image_path": "Wein/ Spirituosen/Spirituosen/asbach_aperitif_rose_075l.jpg"
          },
          {
            "image_urls": [
              "https://www.edeka24.de/out/pictures/generated/product/1/224_224_90/black_mint_schwarzwamp228lderpfefferminzlikamp246r_18_05l.jpg"
            ],
            "ItemTitle": "Black Mint Schwarzwälder Pfefferminzlikör 0,5L",
            "ItemPrice": "6,99€",
            "ItemUnit": "13,98€/l",
            "local_image_path": "Wein/ Spirituosen/Spirituosen/black_mint_schwarzwamp228lderpfefferminzlikamp246r_18_05l.jpg"
          },
          {
            "image_urls": [
              "https://www.edeka24.de/out/pictures/generated/product/1/224_224_90/danzka-vodka-fifty.jpg"
            ],
            "ItemTitle": "Danzka Vodka Black 1L",
            "ItemPrice": "19,99€",
            "ItemUnit": "19,99€/l",
            "local_image_path": "Wein/ Spirituosen/Spirituosen/danzka-vodka-fifty.jpg"
          },
          {
            "image_urls": [
              "https://www.edeka24.de/out/pictures/generated/product/1/224_224_90/scarabus_single_malt_4607l.jpg"
            ],
            "ItemTitle": "Scarabus Whisky 46% 0,7L",
            "ItemPrice": "35,99€",
            "ItemUnit": "51,41€/l",
            "local_image_path": "Wein/ Spirituosen/Spirituosen/scarabus_single_malt_4607l.jpg"
          },
          {
            "image_urls": [
              "https://www.edeka24.de/out/pictures/generated/product/1/224_224_90/roner-haslenussgeist.jpg"
            ],
            "ItemTitle": "Roner Haselnussgeist 0,7L",
            "ItemPrice": "24,49€",
            "ItemUnit": "34,99€/l",
            "local_image_path": "Wein/ Spirituosen/Spirituosen/highland_park_18_jahre_single_malt_whisky.jpg"
          },
          {
            "image_urls": [
              "https://www.edeka24.de/out/pictures/generated/product/1/224_224_90/gurktaler-07l-mit-medaille-2015_neu.jpg"
            ],
            "ItemTitle": "Gurktaler Kräuterlikör 0,7L",
            "ItemPrice": "10,99€",
            "ItemUnit": "15,70€/l",
            "local_image_path": "Wein/ Spirituosen/Spirituosen/highland_park_18_jahre_single_malt_whisky.jpg"
          },
          {
            "image_urls": [
              "https://www.edeka24.de/out/pictures/generated/product/1/224_224_90/alpenschnapsobstler.jpg"
            ],
            "ItemTitle": "Alpenschnaps Steinbeisser Obstler 1L",
            "ItemPrice": "15,49€",
            "ItemUnit": "15,49€/l",
            "local_image_path": "Wein/ Spirituosen/Spirituosen/highland_park_18_jahre_single_malt_whisky.jpg"
          },
          {
            "image_urls": [
              "https://www.edeka24.de/out/pictures/generated/product/1/224_224_90/bauerndank_doppelweizenkorn_38_01l.jpg"
            ],
            "ItemTitle": "Bauerndank Doppelweizenkorn 0,1L",
            "ItemPrice": "1,59€",
            "ItemUnit": "15,90€/l",
            "local_image_path": "Wein/ Spirituosen/Spirituosen/bauerndank_doppelweizenkorn_38_01l.jpg"
          },
          {
            "image_urls": [
              "https://www.edeka24.de/out/pictures/generated/product/1/224_224_90/ramazzotti_crema_italiana_cappuccino_17_07l.jpg"
            ],
            "ItemTitle": "Ramazzotti Crema Cappuccino 0,7L",
            "ItemPrice": "14,99€",
            "ItemUnit": "21,41€/l",
            "local_image_path": "Wein/ Spirituosen/Spirituosen/ramazzotti_crema_italiana_cappuccino_17_07l.jpg"
          },
          {
            "image_urls": [
              "https://www.edeka24.de/out/pictures/generated/product/1/224_224_90/schwarzwaldhof_badisches_obstwamp228sserle_38_01l.jpg"
            ],
            "ItemTitle": "Schwarzwaldhof Badisches Obstwässerle 0,1L",
            "ItemPrice": "2,19€",
            "ItemUnit": "21,90€/l",
            "local_image_path": "Wein/ Spirituosen/Spirituosen/schwarzwaldhof_badisches_obstwamp228sserle_38_01l.jpg"
          },
          {
            "image_urls": [
              "https://www.edeka24.de/out/pictures/generated/product/1/224_224_90/forest_gin_pink_375_05l.jpg"
            ],
            "ItemTitle": "Pink Forest Gin 0,5L",
            "ItemPrice": "12,99€",
            "ItemUnit": "25,98€/l",
            "local_image_path": "Wein/ Spirituosen/Spirituosen/forest_gin_pink_375_05l.jpg"
          },
          {
            "image_urls": [
              "https://www.edeka24.de/out/pictures/generated/product/1/224_224_90/danzka-vodka-grapafruit_1000.jpg"
            ],
            "ItemTitle": "Danzka Premium Vodka Grapefruit 0,7L",
            "ItemPrice": "14,99€",
            "ItemUnit": "21,41€/l",
            "local_image_path": "Wein/ Spirituosen/Spirituosen/highland_park_18_jahre_single_malt_whisky.jpg"
          },
          {
            "image_urls": [
              "https://www.edeka24.de/out/pictures/generated/product/1/224_224_90/pallini_limoncello_26_05l.jpg"
            ],
            "ItemTitle": "Pallini Limoncello 0,5L",
            "ItemPrice": "15,99€",
            "ItemUnit": "31,98€/l",
            "local_image_path": "Wein/ Spirituosen/Spirituosen/pallini_limoncello_26_05l.jpg"
          },
          {
            "image_urls": [
              "https://www.edeka24.de/out/pictures/generated/product/1/224_224_90/le_tribute_dry_gin_43_07l.jpg"
            ],
            "ItemTitle": "Le Tribute Dry Gin 43% 0,7L",
            "ItemPrice": "36,99€",
            "ItemUnit": "52,84€/l",
            "local_image_path": "Wein/ Spirituosen/Spirituosen/le_tribute_dry_gin_43_07l.jpg"
          },
          {
            "image_urls": [
              "https://www.edeka24.de/out/pictures/generated/product/1/224_224_90/sierra_tequila_reposado_38_07l.jpg"
            ],
            "ItemTitle": "Sierra Tequila Reposado 0,7L",
            "ItemSalePrice": "11,99€",
            "ItemUnit": "17,13€/l",
            "local_image_path": "Angebote/default_subcategory/sierra_tequila_reposado_38_07l.jpg"
          },
          {
            "image_urls": [
              "https://www.edeka24.de/out/pictures/generated/product/1/224_224_90/ottovermouthred.jpg"
            ],
            "ItemTitle": "Otto996 Vermouth Red 0,75L",
            "ItemPrice": "22,99€",
            "ItemUnit": "30,65€/l",
            "local_image_path": "Wein/ Spirituosen/Spirituosen/highland_park_18_jahre_single_malt_whisky.jpg"
          },
          {
            "image_urls": [
              "https://www.edeka24.de/out/pictures/generated/product/1/224_224_90/prinz_alte_zwetschke_41_1l.jpg"
            ],
            "ItemTitle": "Prinz Alte Haus Zwetschke 1L",
            "ItemPrice": "36,49€",
            "ItemUnit": "36,49€/l",
            "local_image_path": "Wein/ Spirituosen/Spirituosen/highland_park_18_jahre_single_malt_whisky.jpg"
          },
          {
            "image_urls": [
              "https://www.edeka24.de/out/pictures/generated/product/1/224_224_90/wyborowa-vodka.jpg"
            ],
            "ItemTitle": "Wyborowa polnischer Wodka 0,5L",
            "ItemPrice": "10,99€",
            "ItemUnit": "21,98€/l",
            "local_image_path": "Wein/ Spirituosen/Spirituosen/highland_park_18_jahre_single_malt_whisky.jpg"
          },
          {
            "image_urls": [
              "https://www.edeka24.de/out/pictures/generated/product/1/224_224_90/ramazzotti_il_premio_35_07l.jpg"
            ],
            "ItemTitle": "Ramazzotti Il Premio 35% 0,7L",
            "ItemPrice": "26,99€",
            "ItemUnit": "38,56€/l",
            "local_image_path": "Wein/ Spirituosen/Spirituosen/highland_park_18_jahre_single_malt_whisky.jpg"
          },
          {
            "image_urls": [
              "https://www.edeka24.de/out/pictures/generated/product/1/224_224_90/captain_morgan_original_spiced_goldampampcola_10_025l_dpg.jpg"
            ],
            "ItemTitle": "Captain Morgan Original Spiced Gold & Cola0,25L",
            "ItemPrice": "2,99€",
            "ItemUnit": "11,96€/lzzgl.0,25€Pfand",
            "local_image_path": "Wein/ Spirituosen/Spirituosen/highland_park_18_jahre_single_malt_whisky.jpg"
          },
          {
            "image_urls": [
              "https://www.edeka24.de/out/pictures/generated/product/1/224_224_90/captain_morgan_white_rum_07_ltr.jpg"
            ],
            "ItemTitle": "Captain Morgan White Rum 0,7L",
            "ItemPrice": "13,99€",
            "ItemUnit": "19,99€/l",
            "local_image_path": "Wein/ Spirituosen/Spirituosen/highland_park_18_jahre_single_malt_whisky.jpg"
          },
          {
            "image_urls": [
              "https://www.edeka24.de/out/pictures/generated/product/1/224_224_90/prinz_alte_kirsche_41_1l.jpg"
            ],
            "ItemTitle": "Prinz Alte Kirsche 1L",
            "ItemPrice": "38,99€",
            "ItemUnit": "38,99€/l",
            "local_image_path": "Wein/ Spirituosen/Spirituosen/highland_park_18_jahre_single_malt_whisky.jpg"
          },
          {
            "image_urls": [
              "https://www.edeka24.de/out/pictures/generated/product/1/224_224_90/pimmamp039s_no1_25_07l.jpg"
            ],
            "ItemTitle": "Pimm´s No.1 0,7L",
            "ItemPrice": "12,99€",
            "ItemUnit": "18,56€/l",
            "local_image_path": "Wein/ Spirituosen/Spirituosen/highland_park_18_jahre_single_malt_whisky.jpg"
          },
          {
            "image_urls": [
              "https://www.edeka24.de/out/pictures/generated/product/1/224_224_90/mistral-gin-provence.jpg"
            ],
            "ItemTitle": "Mistral Gin 0,5L",
            "ItemSalePrice": "21,99€",
            "ItemUnit": "43,98€/l",
            "local_image_path": "Wein/ Spirituosen/Spirituosen/mistral-gin-provence.jpg"
          },
          {
            "image_urls": [
              "https://www.edeka24.de/out/pictures/generated/product/1/224_224_90/the_macallan_double_cask_12_jahre_40_07l.jpg"
            ],
            "ItemTitle": "The Macallan Whisky 12 Jahre Double Cask 40% 0,7L",
            "ItemPrice": "85,99€",
            "ItemUnit": "122,84€/l",
            "local_image_path": "Wein/ Spirituosen/Spirituosen/highland_park_18_jahre_single_malt_whisky.jpg"
          },
          {
            "image_urls": [
              "https://www.edeka24.de/out/pictures/generated/product/1/224_224_90/prinz_alte_himbeere_41_1l.jpg"
            ],
            "ItemTitle": "Prinz Alte Wald Himbeere 1L",
            "ItemPrice": "36,49€",
            "ItemUnit": "36,49€/l",
            "local_image_path": "Wein/ Spirituosen/Spirituosen/highland_park_18_jahre_single_malt_whisky.jpg"
          },
          {
            "image_urls": [
              "https://www.edeka24.de/out/pictures/generated/product/1/224_224_90/dooleyseggcreamliqueur(1).jpg"
            ],
            "ItemTitle": "Dooleys Egg Cream Liqueur 0,7L",
            "ItemPrice": "10,99€",
            "ItemUnit": "15,70€/l",
            "local_image_path": "Wein/ Spirituosen/Spirituosen/highland_park_18_jahre_single_malt_whisky.jpg"
          },
          {
            "image_urls": [
              "https://www.edeka24.de/out/pictures/generated/product/1/224_224_90/highlandqueenmajesty.jpg"
            ],
            "ItemTitle": "Highland Queen Majesty Single Malt Scotch Whisky 14 Jahre 40% 0,7L",
            "ItemPrice": "36,99€",
            "ItemUnit": "52,84€/l",
            "local_image_path": "Wein/ Spirituosen/Spirituosen/highland_park_18_jahre_single_malt_whisky.jpg"
          },
          {
            "image_urls": [
              "https://www.edeka24.de/out/pictures/generated/product/1/224_224_90/scharferjger.jpg"
            ],
            "ItemTitle": "Jägermeister Scharf Spiced Ginger 33% 0,7L",
            "ItemPrice": "14,99€",
            "ItemUnit": "21,41€/l",
            "local_image_path": "Wein/ Spirituosen/Spirituosen/highland_park_18_jahre_single_malt_whisky.jpg"
          },
          {
            "image_urls": [
              "https://www.edeka24.de/out/pictures/generated/product/1/224_224_90/tunel_de_mallorca_kruterlikr_mezcladas_07_ltr.jpg"
            ],
            "ItemTitle": "Tunel de Mallorca Kräuterlikör Mezcladas 0,7L",
            "ItemPrice": "11,49€",
            "ItemUnit": "16,41€/l",
            "local_image_path": "Wein/ Spirituosen/Spirituosen/highland_park_18_jahre_single_malt_whisky.jpg"
          },
          {
            "image_urls": [
              "https://www.edeka24.de/out/pictures/generated/product/1/224_224_90/absolutcitron.jpg"
            ],
            "ItemTitle": "Absolut Vodka Citron 0,7L",
            "ItemSalePrice": "12,99€",
            "ItemUnit": "18,56€/l",
            "local_image_path": "Angebote/default_subcategory/absolutcitron.jpg"
          },
          {
            "image_urls": [
              "https://www.edeka24.de/out/pictures/generated/product/1/224_224_90/schwarzwaldhof_schwarzwamp228lder_waldhimbeergeist_40_01l.jpg"
            ],
            "ItemTitle": "Schwarzwaldhof Schwarzwälder Waldhimbeergeist 0,1L",
            "ItemPrice": "2,49€",
            "ItemUnit": "24,90€/l",
            "local_image_path": "Wein/ Spirituosen/Spirituosen/highland_park_18_jahre_single_malt_whisky.jpg"
          },
          {
            "image_urls": [
              "https://www.edeka24.de/out/pictures/generated/product/1/224_224_90/baronroland.jpg"
            ],
            "ItemTitle": "Baron Roland Cognac XO 40% 0,7L",
            "ItemPrice": "42,99€",
            "ItemUnit": "61,41€/l",
            "local_image_path": "Wein/ Spirituosen/Spirituosen/highland_park_18_jahre_single_malt_whisky.jpg"
          },
          {
            "image_urls": [
              "https://www.edeka24.de/out/pictures/generated/product/1/224_224_90/bacardi_coconut_flavoured_rum_07l(1).jpg"
            ],
            "ItemTitle": "Bacardi Coconut 0,7L",
            "ItemPrice": "14,49€",
            "ItemUnit": "20,70€/l",
            "local_image_path": "Wein/ Spirituosen/Spirituosen/highland_park_18_jahre_single_malt_whisky.jpg"
          },
          {
            "image_urls": [
              "https://www.edeka24.de/out/pictures/generated/product/1/224_224_90/asbach_weinbrand_uralt.jpg"
            ],
            "ItemTitle": "Asbach Uralt Weinbrand 0,7L",
            "ItemPrice": "14,49€",
            "ItemUnit": "20,70€/l",
            "local_image_path": "Wein/ Spirituosen/Spirituosen/highland_park_18_jahre_single_malt_whisky.jpg"
          },
          {
            "image_urls": [
              "https://www.edeka24.de/out/pictures/generated/product/1/224_224_90/ardmore_legacy_single_malt_scotch_whisky_40_in_geschenkpackung_07l.jpg"
            ],
            "ItemTitle": "Ardmore Legacy Single Malt Scotch Whisky 40% GP 0,7l",
            "ItemPrice": "25,99€",
            "ItemUnit": "37,13€/l",
            "local_image_path": "Wein/ Spirituosen/Spirituosen/highland_park_18_jahre_single_malt_whisky.jpg"
          },
          {
            "image_urls": [
              "https://www.edeka24.de/out/pictures/generated/product/1/224_224_90/gaston_weinbrand_36_01l.jpg"
            ],
            "ItemTitle": "Gaston Weinbrand 0,1L",
            "ItemPrice": "1,59€",
            "ItemUnit": "15,90€/l",
            "local_image_path": "Wein/ Spirituosen/Spirituosen/highland_park_18_jahre_single_malt_whisky.jpg"
          },
          {
            "image_urls": [
              "https://www.edeka24.de/out/pictures/generated/product/1/224_224_90/zubrowkabiala.jpg"
            ],
            "ItemTitle": "Zubrowka Biala Vodka 0,7L",
            "ItemPrice": "10,49€",
            "ItemUnit": "14,99€/l",
            "local_image_path": "Wein/ Spirituosen/Spirituosen/highland_park_18_jahre_single_malt_whisky.jpg"
          },
          {
            "image_urls": [
              "https://www.edeka24.de/out/pictures/generated/product/1/224_224_90/ramazzotti_crema_italiana_cappuccino_17_07l.jpg"
            ],
            "ItemTitle": "Ramazzotti Crema Cappuccino 0,7L",
            "ItemPrice": "14,99€",
            "ItemUnit": "21,41€/l",
            "local_image_path": "Wein/ Spirituosen/Spirituosen/ramazzotti_crema_italiana_cappuccino_17_07l.jpg"
          },
          {
            "image_urls": [
              "https://www.edeka24.de/out/pictures/generated/product/1/224_224_90/schwarzwaldhof_badisches_obstwamp228sserle_38_01l.jpg"
            ],
            "ItemTitle": "Schwarzwaldhof Badisches Obstwässerle 0,1L",
            "ItemPrice": "2,19€",
            "ItemUnit": "21,90€/l",
            "local_image_path": "Wein/ Spirituosen/Spirituosen/schwarzwaldhof_badisches_obstwamp228sserle_38_01l.jpg"
          },
          {
            "image_urls": [
              "https://www.edeka24.de/out/pictures/generated/product/1/224_224_90/forest_gin_pink_375_05l.jpg"
            ],
            "ItemTitle": "Pink Forest Gin 0,5L",
            "ItemPrice": "12,99€",
            "ItemUnit": "25,98€/l",
            "local_image_path": "Wein/ Spirituosen/Spirituosen/forest_gin_pink_375_05l.jpg"
          },
          {
            "image_urls": [
              "https://www.edeka24.de/out/pictures/generated/product/1/224_224_90/danzka-vodka-grapafruit_1000.jpg"
            ],
            "ItemTitle": "Danzka Premium Vodka Grapefruit 0,7L",
            "ItemPrice": "14,99€",
            "ItemUnit": "21,41€/l",
            "local_image_path": "Wein/ Spirituosen/Spirituosen/highland_park_18_jahre_single_malt_whisky.jpg"
          },
          {
            "image_urls": [
              "https://www.edeka24.de/out/pictures/generated/product/1/224_224_90/pallini_limoncello_26_05l.jpg"
            ],
            "ItemTitle": "Pallini Limoncello 0,5L",
            "ItemPrice": "15,99€",
            "ItemUnit": "31,98€/l",
            "local_image_path": "Wein/ Spirituosen/Spirituosen/pallini_limoncello_26_05l.jpg"
          },
          {
            "image_urls": [
              "https://www.edeka24.de/out/pictures/generated/product/1/224_224_90/le_tribute_dry_gin_43_07l.jpg"
            ],
            "ItemTitle": "Le Tribute Dry Gin 43% 0,7L",
            "ItemPrice": "36,99€",
            "ItemUnit": "52,84€/l",
            "local_image_path": "Wein/ Spirituosen/Spirituosen/le_tribute_dry_gin_43_07l.jpg"
          },
          {
            "image_urls": [
              "https://www.edeka24.de/out/pictures/generated/product/1/224_224_90/sierra_tequila_reposado_38_07l.jpg"
            ],
            "ItemTitle": "Sierra Tequila Reposado 0,7L",
            "ItemSalePrice": "11,99€",
            "ItemUnit": "17,13€/l",
            "local_image_path": "Angebote/default_subcategory/sierra_tequila_reposado_38_07l.jpg"
          },
          {
            "image_urls": [
              "https://www.edeka24.de/out/pictures/generated/product/1/224_224_90/ottovermouthred.jpg"
            ],
            "ItemTitle": "Otto996 Vermouth Red 0,75L",
            "ItemPrice": "22,99€",
            "ItemUnit": "30,65€/l",
            "local_image_path": "Wein/ Spirituosen/Spirituosen/highland_park_18_jahre_single_malt_whisky.jpg"
          },
          {
            "image_urls": [
              "https://www.edeka24.de/out/pictures/generated/product/1/224_224_90/prinz_alte_zwetschke_41_1l.jpg"
            ],
            "ItemTitle": "Prinz Alte Haus Zwetschke 1L",
            "ItemPrice": "36,49€",
            "ItemUnit": "36,49€/l",
            "local_image_path": "Wein/ Spirituosen/Spirituosen/highland_park_18_jahre_single_malt_whisky.jpg"
          },
          {
            "image_urls": [
              "https://www.edeka24.de/out/pictures/generated/product/1/224_224_90/wyborowa-vodka.jpg"
            ],
            "ItemTitle": "Wyborowa polnischer Wodka 0,5L",
            "ItemPrice": "10,99€",
            "ItemUnit": "21,98€/l",
            "local_image_path": "Wein/ Spirituosen/Spirituosen/highland_park_18_jahre_single_malt_whisky.jpg"
          },
          {
            "image_urls": [
              "https://www.edeka24.de/out/pictures/generated/product/1/224_224_90/ramazzotti_il_premio_35_07l.jpg"
            ],
            "ItemTitle": "Ramazzotti Il Premio 35% 0,7L",
            "ItemPrice": "26,99€",
            "ItemUnit": "38,56€/l",
            "local_image_path": "Wein/ Spirituosen/Spirituosen/highland_park_18_jahre_single_malt_whisky.jpg"
          },
          {
            "image_urls": [
              "https://www.edeka24.de/out/pictures/generated/product/1/224_224_90/captain_morgan_original_spiced_goldampampcola_10_025l_dpg.jpg"
            ],
            "ItemTitle": "Captain Morgan Original Spiced Gold & Cola0,25L",
            "ItemPrice": "2,99€",
            "ItemUnit": "11,96€/lzzgl.0,25€Pfand",
            "local_image_path": "Wein/ Spirituosen/Spirituosen/highland_park_18_jahre_single_malt_whisky.jpg"
          },
          {
            "image_urls": [
              "https://www.edeka24.de/out/pictures/generated/product/1/224_224_90/captain_morgan_white_rum_07_ltr.jpg"
            ],
            "ItemTitle": "Captain Morgan White Rum 0,7L",
            "ItemPrice": "13,99€",
            "ItemUnit": "19,99€/l",
            "local_image_path": "Wein/ Spirituosen/Spirituosen/highland_park_18_jahre_single_malt_whisky.jpg"
          },
          {
            "image_urls": [
              "https://www.edeka24.de/out/pictures/generated/product/1/224_224_90/prinz_alte_kirsche_41_1l.jpg"
            ],
            "ItemTitle": "Prinz Alte Kirsche 1L",
            "ItemPrice": "38,99€",
            "ItemUnit": "38,99€/l",
            "local_image_path": "Wein/ Spirituosen/Spirituosen/highland_park_18_jahre_single_malt_whisky.jpg"
          },
          {
            "image_urls": [
              "https://www.edeka24.de/out/pictures/generated/product/1/224_224_90/pimmamp039s_no1_25_07l.jpg"
            ],
            "ItemTitle": "Pimm´s No.1 0,7L",
            "ItemPrice": "12,99€",
            "ItemUnit": "18,56€/l",
            "local_image_path": "Wein/ Spirituosen/Spirituosen/highland_park_18_jahre_single_malt_whisky.jpg"
          },
          {
            "image_urls": [
              "https://www.edeka24.de/out/pictures/generated/product/1/224_224_90/mistral-gin-provence.jpg"
            ],
            "ItemTitle": "Mistral Gin 0,5L",
            "ItemSalePrice": "21,99€",
            "ItemUnit": "43,98€/l",
            "local_image_path": "Wein/ Spirituosen/Spirituosen/mistral-gin-provence.jpg"
          },
          {
            "image_urls": [
              "https://www.edeka24.de/out/pictures/generated/product/1/224_224_90/the_macallan_double_cask_12_jahre_40_07l.jpg"
            ],
            "ItemTitle": "The Macallan Whisky 12 Jahre Double Cask 40% 0,7L",
            "ItemPrice": "85,99€",
            "ItemUnit": "122,84€/l",
            "local_image_path": "Wein/ Spirituosen/Spirituosen/highland_park_18_jahre_single_malt_whisky.jpg"
          },
          {
            "image_urls": [
              "https://www.edeka24.de/out/pictures/generated/product/1/224_224_90/prinz_alte_himbeere_41_1l.jpg"
            ],
            "ItemTitle": "Prinz Alte Wald Himbeere 1L",
            "ItemPrice": "36,49€",
            "ItemUnit": "36,49€/l",
            "local_image_path": "Wein/ Spirituosen/Spirituosen/highland_park_18_jahre_single_malt_whisky.jpg"
          },
          {
            "image_urls": [
              "https://www.edeka24.de/out/pictures/generated/product/1/224_224_90/dooleyseggcreamliqueur(1).jpg"
            ],
            "ItemTitle": "Dooleys Egg Cream Liqueur 0,7L",
            "ItemPrice": "10,99€",
            "ItemUnit": "15,70€/l",
            "local_image_path": "Wein/ Spirituosen/Spirituosen/highland_park_18_jahre_single_malt_whisky.jpg"
          },
          {
            "image_urls": [
              "https://www.edeka24.de/out/pictures/generated/product/1/224_224_90/highlandqueenmajesty.jpg"
            ],
            "ItemTitle": "Highland Queen Majesty Single Malt Scotch Whisky 14 Jahre 40% 0,7L",
            "ItemPrice": "36,99€",
            "ItemUnit": "52,84€/l",
            "local_image_path": "Wein/ Spirituosen/Spirituosen/highland_park_18_jahre_single_malt_whisky.jpg"
          },
          {
            "image_urls": [
              "https://www.edeka24.de/out/pictures/generated/product/1/224_224_90/scharferjger.jpg"
            ],
            "ItemTitle": "Jägermeister Scharf Spiced Ginger 33% 0,7L",
            "ItemPrice": "14,99€",
            "ItemUnit": "21,41€/l",
            "local_image_path": "Wein/ Spirituosen/Spirituosen/highland_park_18_jahre_single_malt_whisky.jpg"
          },
          {
            "image_urls": [
              "https://www.edeka24.de/out/pictures/generated/product/1/224_224_90/tunel_de_mallorca_kruterlikr_mezcladas_07_ltr.jpg"
            ],
            "ItemTitle": "Tunel de Mallorca Kräuterlikör Mezcladas 0,7L",
            "ItemPrice": "11,49€",
            "ItemUnit": "16,41€/l",
            "local_image_path": "Wein/ Spirituosen/Spirituosen/highland_park_18_jahre_single_malt_whisky.jpg"
          },
          {
            "image_urls": [
              "https://www.edeka24.de/out/pictures/generated/product/1/224_224_90/absolutcitron.jpg"
            ],
            "ItemTitle": "Absolut Vodka Citron 0,7L",
            "ItemSalePrice": "12,99€",
            "ItemUnit": "18,56€/l",
            "local_image_path": "Angebote/default_subcategory/absolutcitron.jpg"
          },
          {
            "image_urls": [
              "https://www.edeka24.de/out/pictures/generated/product/1/224_224_90/schwarzwaldhof_schwarzwamp228lder_waldhimbeergeist_40_01l.jpg"
            ],
            "ItemTitle": "Schwarzwaldhof Schwarzwälder Waldhimbeergeist 0,1L",
            "ItemPrice": "2,49€",
            "ItemUnit": "24,90€/l",
            "local_image_path": "Wein/ Spirituosen/Spirituosen/highland_park_18_jahre_single_malt_whisky.jpg"
          },
          {
            "image_urls": [
              "https://www.edeka24.de/out/pictures/generated/product/1/224_224_90/baronroland.jpg"
            ],
            "ItemTitle": "Baron Roland Cognac XO 40% 0,7L",
            "ItemPrice": "42,99€",
            "ItemUnit": "61,41€/l",
            "local_image_path": "Wein/ Spirituosen/Spirituosen/highland_park_18_jahre_single_malt_whisky.jpg"
          },
          {
            "image_urls": [
              "https://www.edeka24.de/out/pictures/generated/product/1/224_224_90/bacardi_coconut_flavoured_rum_07l(1).jpg"
            ],
            "ItemTitle": "Bacardi Coconut 0,7L",
            "ItemPrice": "14,49€",
            "ItemUnit": "20,70€/l",
            "local_image_path": "Wein/ Spirituosen/Spirituosen/highland_park_18_jahre_single_malt_whisky.jpg"
          },
          {
            "image_urls": [
              "https://www.edeka24.de/out/pictures/generated/product/1/224_224_90/asbach_weinbrand_uralt.jpg"
            ],
            "ItemTitle": "Asbach Uralt Weinbrand 0,7L",
            "ItemPrice": "14,49€",
            "ItemUnit": "20,70€/l",
            "local_image_path": "Wein/ Spirituosen/Spirituosen/highland_park_18_jahre_single_malt_whisky.jpg"
          },
          {
            "image_urls": [
              "https://www.edeka24.de/out/pictures/generated/product/1/224_224_90/ardmore_legacy_single_malt_scotch_whisky_40_in_geschenkpackung_07l.jpg"
            ],
            "ItemTitle": "Ardmore Legacy Single Malt Scotch Whisky 40% GP 0,7l",
            "ItemPrice": "25,99€",
            "ItemUnit": "37,13€/l",
            "local_image_path": "Wein/ Spirituosen/Spirituosen/highland_park_18_jahre_single_malt_whisky.jpg"
          },
          {
            "image_urls": [
              "https://www.edeka24.de/out/pictures/generated/product/1/224_224_90/gaston_weinbrand_36_01l.jpg"
            ],
            "ItemTitle": "Gaston Weinbrand 0,1L",
            "ItemPrice": "1,59€",
            "ItemUnit": "15,90€/l",
            "local_image_path": "Wein/ Spirituosen/Spirituosen/highland_park_18_jahre_single_malt_whisky.jpg"
          },
          {
            "image_urls": [
              "https://www.edeka24.de/out/pictures/generated/product/1/224_224_90/zubrowkabiala.jpg"
            ],
            "ItemTitle": "Zubrowka Biala Vodka 0,7L",
            "ItemPrice": "10,49€",
            "ItemUnit": "14,99€/l",
            "local_image_path": "Wein/ Spirituosen/Spirituosen/highland_park_18_jahre_single_malt_whisky.jpg"
          },
          {
            "image_urls": [
              "https://www.edeka24.de/out/pictures/generated/product/1/224_224_90/belsazar_rose_weinaperitif_145_075l.jpg"
            ],
            "ItemTitle": "Belsazar Rosé Weinaperitif 0,75L",
            "ItemPrice": "14,99€",
            "ItemUnit": "19,99€/l",
            "local_image_path": "Wein/ Spirituosen/Spirituosen/belsazar_rose_weinaperitif_145_075l.jpg"
          },
          {
            "image_urls": [
              "https://www.edeka24.de/out/pictures/generated/product/1/224_224_90/skyy_premium_vodka_07_ltr.jpg"
            ],
            "ItemTitle": "Skyy Premium Vodka 0,7L",
            "ItemPrice": "14,99€",
            "ItemUnit": "21,41€/l",
            "local_image_path": "Wein/ Spirituosen/Spirituosen/skyy_premium_vodka_07_ltr.jpg"
          },
          {
            "image_urls": [
              "https://www.edeka24.de/out/pictures/generated/product/1/224_224_90/scheibel_premium_kirschbrand_07_ltr.jpg"
            ],
            "ItemTitle": "Scheibel Premium Kirsch 43% 0,7L",
            "ItemPrice": "29,99€",
            "ItemUnit": "42,84€/l",
            "local_image_path": "Wein/ Spirituosen/Spirituosen/scheibel_premium_kirschbrand_07_ltr.jpg"
          },
          {
            "image_urls": [
              "https://www.edeka24.de/out/pictures/generated/product/1/224_224_90/asbach-privatbrand-8jahre.jpg"
            ],
            "ItemTitle": "Asbach Privatbrand 8 Jahre 38% GP 0,7L",
            "ItemPrice": "20,99€",
            "ItemUnit": "29,99€/l",
            "local_image_path": "Wein/ Spirituosen/Spirituosen/asbach-privatbrand-8jahre.jpg"
          },
          {
            "image_urls": [
              "https://www.edeka24.de/out/pictures/generated/product/1/224_224_90/jgermeisterkruterlikr9fl650.jpg"
            ],
            "ItemTitle": "Jägermeister Kräuterlikör Partypackung 9ST 180ML",
            "ItemPrice": "8,29€",
            "ItemUnit": "46,06€/l",
            "local_image_path": "Wein/ Spirituosen/Spirituosen/jgermeisterkruterlikr9fl650.jpg"
          },
          {
            "image_urls": [
              "https://www.edeka24.de/out/pictures/generated/product/1/224_224_90/frsturanovpremiumvodka750.jpg"
            ],
            "ItemTitle": "Fürst Uranov Premium Vodka No.5 0,5L",
            "ItemPrice": "6,79€",
            "ItemUnit": "13,58€/l",
            "local_image_path": "Wein/ Spirituosen/Spirituosen/frsturanovpremiumvodka750.jpg"
          },
          {
            "image_urls": [
              "https://www.edeka24.de/out/pictures/generated/product/1/224_224_90/asbachspezialbrand15jahre.jpg"
            ],
            "ItemTitle": "Asbach Spezialbrand 15 Jahre 38% 0,7L",
            "ItemPrice": "34,99€",
            "ItemUnit": "49,99€/l",
            "local_image_path": "Wein/ Spirituosen/Spirituosen/asbachspezialbrand15jahre.jpg"
          },
          {
            "image_urls": [
              "https://www.edeka24.de/out/pictures/generated/product/1/224_224_90/scheibel_premium_pflmlebrand_07_ltr.jpg"
            ],
            "ItemTitle": "Scheibel Altes Pflümle Premium 43% 0,7L",
            "ItemPrice": "31,49€",
            "ItemUnit": "44,99€/l",
            "local_image_path": "Wein/ Spirituosen/Spirituosen/scheibel_premium_pflmlebrand_07_ltr.jpg"
          },
          {
            "image_urls": [
              "https://www.edeka24.de/out/pictures/generated/product/1/224_224_90/hendricks_gin_made_in_scotland.jpg"
            ],
            "ItemTitle": "Hendricks Gin made in Scotland 0,7L",
            "ItemPrice": "32,99€",
            "ItemUnit": "47,13€/l",
            "local_image_path": "Wein/ Spirituosen/Spirituosen/hendricks_gin_made_in_scotland.jpg"
          },
          {
            "image_urls": [
              "https://www.edeka24.de/out/pictures/generated/product/1/224_224_90/lfgrappariserva.jpg"
            ],
            "ItemTitle": "Francoli Grappa Riserva 3 anni 0,7L",
            "ItemPrice": "18,49€",
            "ItemUnit": "26,41€/l",
            "local_image_path": "Wein/ Spirituosen/Spirituosen/lfgrappariserva.jpg"
          },
          {
            "image_urls": [
              "https://www.edeka24.de/out/pictures/generated/product/1/224_224_90/danzka-vodka-currant_1000.jpg"
            ],
            "ItemTitle": "Danzka Vodka Currant 0,7L",
            "ItemPrice": "14,99€",
            "ItemUnit": "21,41€/l",
            "local_image_path": "Wein/ Spirituosen/Spirituosen/danzka-vodka-currant_1000.jpg"
          },
          {
            "image_urls": [
              "https://www.edeka24.de/out/pictures/generated/product/1/224_224_90/pisco.jpg"
            ],
            "ItemTitle": "Pisco Control Gran Pisco 0,7L",
            "ItemPrice": "17,49€",
            "ItemUnit": "24,99€/l",
            "local_image_path": "Wein/ Spirituosen/Spirituosen/pisco.jpg"
          },
          {
            "image_urls": [
              "https://www.edeka24.de/out/pictures/generated/product/1/224_224_90/carden_granreserva_600_z1.jpg"
            ],
            "ItemTitle": "Cardenal Mendoza Brandy Gran Reserva 40% 0,7L",
            "ItemPrice": "30,99€",
            "ItemUnit": "44,27€/l",
            "local_image_path": "Wein/ Spirituosen/Spirituosen/carden_granreserva_600_z1.jpg"
          },
          {
            "image_urls": [
              "https://www.edeka24.de/out/pictures/generated/product/1/224_224_90/tyrconnell_single_malt_43_07l.jpg"
            ],
            "ItemTitle": "Tyrconnell Whiskey 43% 0,7L",
            "ItemPrice": "20,99€",
            "ItemUnit": "29,99€/l",
            "local_image_path": "Wein/ Spirituosen/Spirituosen/tyrconnell_single_malt_43_07l.jpg"
          },
          {
            "image_urls": [
              "https://www.edeka24.de/out/pictures/generated/product/1/224_224_90/evermann.jpg"
            ],
            "ItemTitle": "Evermann Whisky 42% 0,7L",
            "ItemPrice": "34,99€",
            "ItemUnit": "49,99€/l",
            "local_image_path": "Wein/ Spirituosen/Spirituosen/evermann.jpg"
          },
          {
            "image_urls": [
              "https://www.edeka24.de/out/pictures/generated/product/1/224_224_90/smokeheadhighvolt.jpg"
            ],
            "ItemTitle": "Smokehead Whisky High Voltage 58% 0,7L",
            "ItemPrice": "55,99€",
            "ItemUnit": "79,99€/l",
            "local_image_path": "Wein/ Spirituosen/Spirituosen/smokeheadhighvolt.jpg"
          },
          {
            "image_urls": [
              "https://www.edeka24.de/out/pictures/generated/product/1/224_224_90/the_singleton_whisky_12_jahre_40_07l.jpg"
            ],
            "ItemTitle": "The Singleton Whisky 12 Jahre 40% 0,7L",
            "ItemPrice": "30,99€",
            "ItemUnit": "44,27€/l",
            "local_image_path": "Wein/ Spirituosen/Spirituosen/the_singleton_whisky_12_jahre_40_07l.jpg"
          },
          {
            "image_urls": [
              "https://www.edeka24.de/out/pictures/generated/product/1/224_224_90/glengoyne_highland_malt_12_jahre_43_07l.jpg"
            ],
            "ItemTitle": "Glengoyne Whisky 12 Jahre 43% 0,7L",
            "ItemPrice": "46,99€",
            "ItemUnit": "67,13€/l",
            "local_image_path": "Wein/ Spirituosen/Spirituosen/glengoyne_highland_malt_12_jahre_43_07l.jpg"
          },
          {
            "image_urls": [
              "https://www.edeka24.de/out/pictures/generated/product/1/224_224_90/finch_whisky_classic_40_05l.jpg"
            ],
            "ItemTitle": "Finch Whisky Classic 40% 0,5L",
            "ItemPrice": "35,99€",
            "ItemUnit": "71,98€/l",
            "local_image_path": "Wein/ Spirituosen/Spirituosen/finch_whisky_classic_40_05l.jpg"
          },
          {
            "image_urls": [
              "https://www.edeka24.de/out/pictures/generated/product/1/224_224_90/matusalem_rum_gran_reserva_23_jahre_40_07l.jpg"
            ],
            "ItemTitle": "Matusalem Rum Gran Reserva 23 Jahre 40% 0,7L",
            "ItemPrice": "58,99€",
            "ItemUnit": "84,27€/l",
            "local_image_path": "Wein/ Spirituosen/Spirituosen/matusalem_rum_gran_reserva_23_jahre_40_07l.jpg"
          },
          {
            "image_urls": [
              "https://www.edeka24.de/out/pictures/generated/product/1/224_224_90/bertamonpra.jpg"
            ],
            "ItemTitle": "Berta Grappa Monpra 40% 0,7L",
            "ItemPrice": "34,99€",
            "ItemUnit": "49,99€/l",
            "local_image_path": "Wein/ Spirituosen/Spirituosen/bertamonpra.jpg"
          },
          {
            "image_urls": [
              "https://www.edeka24.de/out/pictures/generated/product/1/224_224_90/von_hallers_gin_44_05l.jpg"
            ],
            "ItemTitle": "Von Hallers Gin 44% 0,5L",
            "ItemPrice": "30,99€",
            "ItemUnit": "61,98€/l",
            "local_image_path": "Wein/ Spirituosen/Spirituosen/von_hallers_gin_44_05l.jpg"
          },
          {
            "image_urls": [
              "https://www.edeka24.de/out/pictures/generated/product/1/224_224_90/kavalan_concertmaster_40_07l.jpg"
            ],
            "ItemTitle": "Kavalan Whisky Concertmaster Port Cask 40% 0,7L",
            "ItemPrice": "52,99€",
            "ItemUnit": "75,70€/l",
            "local_image_path": "Wein/ Spirituosen/Spirituosen/kavalan_concertmaster_40_07l.jpg"
          },
          {
            "image_urls": [
              "https://www.edeka24.de/out/pictures/generated/product/1/224_224_90/teeling_blackpitts_whisky_46_07l.jpg"
            ],
            "ItemTitle": "Teeling Whiskey Blackpitts 46% 0,7L",
            "ItemPrice": "47,99€",
            "ItemUnit": "68,56€/l",
            "local_image_path": "Wein/ Spirituosen/Spirituosen/teeling_blackpitts_whisky_46_07l.jpg"
          },
          {
            "image_urls": [
              "https://www.edeka24.de/out/pictures/generated/product/1/224_224_90/the_dalmore_15_jahre_40_07l.jpg"
            ],
            "ItemTitle": "The Dalmore Whisky 15 Jahre 40% 0,7L",
            "ItemPrice": "109,00€",
            "ItemUnit": "155,71€/l",
            "local_image_path": "Wein/ Spirituosen/Spirituosen/the_dalmore_15_jahre_40_07l.jpg"
          },
          {
            "image_urls": [
              "https://www.edeka24.de/out/pictures/generated/product/1/224_224_90/ballantines_whisky_reserve_12_jahre_40_07l.jpg"
            ],
            "ItemTitle": "Ballantines Whisky Reserve 12 Jahre 40% 0,7L",
            "ItemPrice": "29,99€",
            "ItemUnit": "42,84€/l",
            "local_image_path": "Wein/ Spirituosen/Spirituosen/ballantines_whisky_reserve_12_jahre_40_07l.jpg"
          },
          {
            "image_urls": [
              "https://www.edeka24.de/out/pictures/generated/product/1/224_224_90/zieglerwikili.jpg"
            ],
            "ItemTitle": "Ziegler No.1 Wildkirsch Likör 18% 0,5L",
            "ItemPrice": "40,99€",
            "ItemUnit": "81,98€/l",
            "local_image_path": "Wein/ Spirituosen/Spirituosen/zieglerwikili.jpg"
          },
          {
            "image_urls": [
              "https://www.edeka24.de/out/pictures/generated/product/1/224_224_90/roner-wiliams-reserve.jpg"
            ],
            "ItemTitle": "Roner Williams Christ Reserv 0,7L",
            "ItemPrice": "27,99€",
            "ItemUnit": "39,99€/l",
            "local_image_path": "Wein/ Spirituosen/Spirituosen/roner-wiliams-reserve.jpg"
          },
          {
            "image_urls": [
              "https://www.edeka24.de/out/pictures/generated/product/1/224_224_90/dreyberg_liquid_edelweiss_18_07l.jpg"
            ],
            "ItemTitle": "Dreyberg Liquid Edelweiss 0,7L",
            "ItemPrice": "17,49€",
            "ItemUnit": "24,99€/l",
            "local_image_path": "Wein/ Spirituosen/Spirituosen/highland_park_18_jahre_single_malt_whisky.jpg"
          },
          {
            "image_urls": [
              "https://www.edeka24.de/out/pictures/generated/product/1/224_224_90/finch_single_malt_highland_whisky_42_05l.jpg"
            ],
            "ItemTitle": "Finch Whisky 42% 0,5L",
            "ItemPrice": "41,99€",
            "ItemUnit": "83,98€/l",
            "local_image_path": "Wein/ Spirituosen/Spirituosen/highland_park_18_jahre_single_malt_whisky.jpg"
          },
          {
            "image_urls": [
              "https://www.edeka24.de/out/pictures/generated/product/1/224_224_90/durbacheredlehaselnuss.jpg"
            ],
            "ItemTitle": "Durbacher Edle Haselnuss 0,5L",
            "ItemPrice": "22,49€",
            "ItemUnit": "44,98€/l",
            "local_image_path": "Wein/ Spirituosen/Spirituosen/highland_park_18_jahre_single_malt_whisky.jpg"
          },
          {
            "image_urls": [
              "https://www.edeka24.de/out/pictures/generated/product/1/224_224_90/a5A5EYvT5XD9fdjGWBzBEd-30.jpg"
            ],
            "ItemTitle": "Chateau du Breuil Calvados 8 Jahre 0,7L",
            "ItemPrice": "39,99€",
            "ItemUnit": "57,13€/l",
            "local_image_path": "Wein/ Spirituosen/Spirituosen/highland_park_18_jahre_single_malt_whisky.jpg"
          },
          {
            "image_urls": [
              "https://www.edeka24.de/out/pictures/generated/product/1/224_224_90/slyrs_bavarian_single_malt_whisky_43_07l.jpg"
            ],
            "ItemTitle": "Slyrs Whisky 43% 0,7L",
            "ItemPrice": "56,99€",
            "ItemUnit": "81,41€/l",
            "local_image_path": "Wein/ Spirituosen/Spirituosen/highland_park_18_jahre_single_malt_whisky.jpg"
          },
          {
            "image_urls": [
              "https://www.edeka24.de/out/pictures/generated/product/1/224_224_90/carissima_aperitivo_amarenaampampgranatapfel_16_07l.jpg"
            ],
            "ItemTitle": "Carissima Aperitivo Amarena & Granatapfel 0,7L",
            "ItemPrice": "15,99€",
            "ItemUnit": "22,84€/l",
            "local_image_path": "Wein/ Spirituosen/Spirituosen/highland_park_18_jahre_single_malt_whisky.jpg"
          },
          {
            "image_urls": [
              "https://www.edeka24.de/out/pictures/generated/product/1/224_224_90/applaus_dry_gin_43_05l.jpg"
            ],
            "ItemTitle": "Applaus Dry Gin 43% 0,5L",
            "ItemPrice": "35,99€",
            "ItemUnit": "71,98€/l",
            "local_image_path": "Wein/ Spirituosen/Spirituosen/highland_park_18_jahre_single_malt_whisky.jpg"
          },
          {
            "image_urls": [
              "https://www.edeka24.de/out/pictures/generated/product/1/224_224_90/loch_lomond_original_40_07l.jpg"
            ],
            "ItemTitle": "Loch Lomond Whisky Original 40% 0,7L",
            "ItemPrice": "23,99€",
            "ItemUnit": "34,27€/l",
            "local_image_path": "Wein/ Spirituosen/Spirituosen/highland_park_18_jahre_single_malt_whisky.jpg"
          },
          {
            "image_urls": [
              "https://www.edeka24.de/out/pictures/generated/product/1/224_224_90/hebridean_journey_hunter_laing_blended_malt_46_07l.jpg"
            ],
            "ItemTitle": "Hunter Laing Whisky Hebridean Journey 46% 0,7L",
            "ItemPrice": "35,99€",
            "ItemUnit": "51,41€/l",
            "local_image_path": "Wein/ Spirituosen/Spirituosen/highland_park_18_jahre_single_malt_whisky.jpg"
          },
          {
            "image_urls": [
              "https://www.edeka24.de/out/pictures/generated/product/1/224_224_90/smokehead_peated_43_07l.jpg"
            ],
            "ItemTitle": "Smokehead Whisky Peated 43% 0,7L",
            "ItemPrice": "38,99€",
            "ItemUnit": "55,70€/l",
            "local_image_path": "Wein/ Spirituosen/Spirituosen/highland_park_18_jahre_single_malt_whisky.jpg"
          },
          {
            "image_urls": [
              "https://www.edeka24.de/out/pictures/generated/product/1/224_224_90/knut_hansen_alkoholfrei_05l.jpg"
            ],
            "ItemTitle": "Knut Hansen alkoholfrei 0,5L",
            "ItemPrice": "19,99€",
            "ItemUnit": "39,98€/l",
            "local_image_path": "Wein/ Spirituosen/Spirituosen/highland_park_18_jahre_single_malt_whisky.jpg"
          },
          {
            "image_urls": [
              "https://www.edeka24.de/out/pictures/generated/product/1/224_224_90/fies_momentum_kirschbrand_1726_urbrand_60_07l.jpg"
            ],
            "ItemTitle": "Fies Kirschbrand Momentum 1726 Urbrand 60% 0,7L",
            "ItemPrice": "59,99€",
            "ItemUnit": "85,70€/l",
            "local_image_path": "Wein/ Spirituosen/Spirituosen/highland_park_18_jahre_single_malt_whisky.jpg"
          },
          {
            "image_urls": [
              "https://www.edeka24.de/out/pictures/generated/product/1/224_224_90/bowmore_whisky_darkest_15_jahre_43_gp_07l.jpg"
            ],
            "ItemTitle": "Bowmore Whisky 15 Jahre 43% GP 0,7L",
            "ItemPrice": "69,99€",
            "ItemUnit": "99,99€/l",
            "local_image_path": "Wein/ Spirituosen/Spirituosen/highland_park_18_jahre_single_malt_whisky.jpg"
          },
          {
            "image_urls": [
              "https://www.edeka24.de/out/pictures/generated/product/1/224_224_90/tamnavulin_sherry_cask_whisky_40_07l.jpg"
            ],
            "ItemTitle": "Tamnavulin Sherry Cask Whisky 40% 0,7L",
            "ItemPrice": "26,99€",
            "ItemUnit": "38,56€/l",
            "local_image_path": "Wein/ Spirituosen/Spirituosen/highland_park_18_jahre_single_malt_whisky.jpg"
          },
          {
            "image_urls": [
              "https://www.edeka24.de/out/pictures/generated/product/1/224_224_90/fettercairn12.jpg"
            ],
            "ItemTitle": "Fettercairn Whisky 12 Jahre 40% GP 0,7L",
            "ItemPrice": "42,99€",
            "ItemUnit": "61,41€/l",
            "local_image_path": "Wein/ Spirituosen/Spirituosen/highland_park_18_jahre_single_malt_whisky.jpg"
          },
          {
            "image_urls": [
              "https://www.edeka24.de/out/pictures/generated/product/1/224_224_90/auchentoshan_12_jahre_single_malt_whisky.jpg"
            ],
            "ItemTitle": "Auchentoshan Whisky 12 Jahre 40% GP 0,7L",
            "ItemPrice": "30,99€",
            "ItemUnit": "44,27€/l",
            "local_image_path": "Wein/ Spirituosen/Spirituosen/highland_park_18_jahre_single_malt_whisky.jpg"
          },
          {
            "image_urls": [
              "https://www.edeka24.de/out/pictures/generated/product/1/224_224_90/glen_garioch_12y_mitgp.jpg"
            ],
            "ItemTitle": "Glen Garioch Whisky 12 Jahre 48% GP 0,7L",
            "ItemPrice": "45,99€",
            "ItemUnit": "65,70€/l",
            "local_image_path": "Wein/ Spirituosen/Spirituosen/highland_park_18_jahre_single_malt_whisky.jpg"
          },
          {
            "image_urls": [
              "https://www.edeka24.de/out/pictures/generated/product/1/224_224_90/kilchoman_machir_bay_46_07l.jpg"
            ],
            "ItemTitle": "Kilchoman Whisky Machir Bay 46% 0,7L",
            "ItemPrice": "42,99€",
            "ItemUnit": "61,41€/l",
            "local_image_path": "Wein/ Spirituosen/Spirituosen/highland_park_18_jahre_single_malt_whisky.jpg"
          },
          {
            "image_urls": [
              "https://www.edeka24.de/out/pictures/generated/product/1/224_224_90/glenfarclas_15_jahre_46_07l.jpg"
            ],
            "ItemTitle": "Glenfarclas Whisky 15 Jahre 46% 0,7L",
            "ItemPrice": "75,99€",
            "ItemUnit": "108,56€/l",
            "local_image_path": "Wein/ Spirituosen/Spirituosen/highland_park_18_jahre_single_malt_whisky.jpg"
          },
          {
            "image_urls": [
              "https://www.edeka24.de/out/pictures/generated/product/1/224_224_90/glenfarclas_8_years_40_07l.jpg"
            ],
            "ItemTitle": "Glenfarclas Whisky 8 Jahre 40% 0,7L",
            "ItemPrice": "32,99€",
            "ItemUnit": "47,13€/l",
            "local_image_path": "Wein/ Spirituosen/Spirituosen/highland_park_18_jahre_single_malt_whisky.jpg"
          },
          {
            "image_urls": [
              "https://www.edeka24.de/out/pictures/generated/product/1/224_224_90/auchentoshan_lowland_american_oak_single_malt_scotch_whisky_40_in_geschenkpackung_07l.jpg"
            ],
            "ItemTitle": "Auchentoshan Whisky American Oak 40% GP 0,7L",
            "ItemPrice": "28,99€",
            "ItemUnit": "41,41€/l",
            "local_image_path": "Wein/ Spirituosen/Spirituosen/highland_park_18_jahre_single_malt_whisky.jpg"
          },
          {
            "image_urls": [
              "https://www.edeka24.de/out/pictures/generated/product/1/224_224_90/volcanblanco.jpg"
            ],
            "ItemTitle": "Volcan Tequila Blanco 40% 0,7L",
            "ItemPrice": "49,99€",
            "ItemUnit": "71,41€/l",
            "local_image_path": "Wein/ Spirituosen/Spirituosen/highland_park_18_jahre_single_malt_whisky.jpg"
          },
          {
            "image_urls": [
              "https://www.edeka24.de/out/pictures/generated/product/1/224_224_90/glenkinchie12.jpg"
            ],
            "ItemTitle": "Glenkinchie Whisky 12 Jahre 43% GP 0,7L",
            "ItemPrice": "36,99€",
            "ItemUnit": "52,84€/l",
            "local_image_path": "Wein/ Spirituosen/Spirituosen/highland_park_18_jahre_single_malt_whisky.jpg"
          },
          {
            "image_urls": [
              "https://www.edeka24.de/out/pictures/generated/product/1/224_224_90/zieglersauerkirsch.jpg"
            ],
            "ItemTitle": "Ziegler Sauerkirsch 43% 0,5L",
            "ItemPrice": "60,99€",
            "ItemUnit": "121,98€/l",
            "local_image_path": "Wein/ Spirituosen/Spirituosen/highland_park_18_jahre_single_malt_whisky.jpg"
          },
          {
            "image_urls": [
              "https://www.edeka24.de/out/pictures/generated/product/1/224_224_90/zieglerfreudenberger.jpg"
            ],
            "ItemTitle": "Ziegler Freudenberger 43% 0,5L",
            "ItemPrice": "50,99€",
            "ItemUnit": "101,98€/l",
            "local_image_path": "Wein/ Spirituosen/Spirituosen/highland_park_18_jahre_single_malt_whisky.jpg"
          },
          {
            "image_urls": [
              "https://www.edeka24.de/out/pictures/generated/product/1/224_224_90/nikka_days_blended_whisky_40_07l.jpg"
            ],
            "ItemTitle": "Nikka Whisky Days 40% 0,7L",
            "ItemPrice": "37,99€",
            "ItemUnit": "54,27€/l",
            "local_image_path": "Wein/ Spirituosen/Spirituosen/highland_park_18_jahre_single_malt_whisky.jpg"
          },
          {
            "image_urls": [
              "https://www.edeka24.de/out/pictures/generated/product/1/224_224_90/grappa-francoli-nebbilo.jpg"
            ],
            "ItemTitle": "Luigi Francoli Grappa di Vespolina e Nebbiolo 0,7L",
            "ItemPrice": "28,99€",
            "ItemUnit": "41,41€/l",
            "local_image_path": "Wein/ Spirituosen/Spirituosen/highland_park_18_jahre_single_malt_whisky.jpg"
          },
          {
            "image_urls": [
              "https://www.edeka24.de/out/pictures/generated/product/1/224_224_90/freudwhisky.jpg"
            ],
            "ItemTitle": "Freud Whisky Distillers Cut 41,5% 0,7L",
            "ItemPrice": "44,99€",
            "ItemUnit": "64,27€/l",
            "local_image_path": "Wein/ Spirituosen/Spirituosen/freudwhisky.jpg"
          },
          {
            "image_urls": [
              "https://www.edeka24.de/out/pictures/generated/product/1/224_224_90/zieglerwaldhimbeer.jpg"
            ],
            "ItemTitle": "Ziegler Waldhimbeer 43% 0,5L",
            "ItemPrice": "59,99€",
            "ItemUnit": "119,98€/l",
            "local_image_path": "Wein/ Spirituosen/Spirituosen/zieglerwaldhimbeer.jpg"
          },
          {
            "image_urls": [
              "https://www.edeka24.de/out/pictures/generated/product/1/224_224_90/bombay_bramble_gin_37507l.jpg"
            ],
            "ItemTitle": "Bombay Bramble Gin 0,7L",
            "ItemPrice": "23,49€",
            "ItemUnit": "33,56€/l",
            "local_image_path": "Wein/ Spirituosen/Spirituosen/bombay_bramble_gin_37507l.jpg"
          },
          {
            "image_urls": [
              "https://www.edeka24.de/out/pictures/generated/product/1/224_224_90/absolutelyx.jpg"
            ],
            "ItemTitle": "Absolut Vodka Elyx 42,3% 0,7L",
            "ItemPrice": "39,99€",
            "ItemUnit": "57,13€/l",
            "local_image_path": "Wein/ Spirituosen/Spirituosen/absolutelyx.jpg"
          },
          {
            "image_urls": [
              "https://www.edeka24.de/out/pictures/generated/product/1/224_224_90/islay_journeyhunter_laing_blended_malt_46_07l.jpg"
            ],
            "ItemTitle": "Hunter Laing Whisky Islay Journey 46% 0,7L",
            "ItemPrice": "35,99€",
            "ItemUnit": "51,41€/l",
            "local_image_path": "Wein/ Spirituosen/Spirituosen/islay_journeyhunter_laing_blended_malt_46_07l.jpg"
          },
          {
            "image_urls": [
              "https://www.edeka24.de/out/pictures/generated/product/1/224_224_90/durbacheredlehaselnuss.jpg"
            ],
            "ItemTitle": "Durbacher Edle Haselnuss 0,5L",
            "ItemPrice": "22,49€",
            "ItemUnit": "44,98€/l",
            "local_image_path": "Wein/ Spirituosen/Spirituosen/highland_park_18_jahre_single_malt_whisky.jpg"
          },
          {
            "image_urls": [
              "https://www.edeka24.de/out/pictures/generated/product/1/224_224_90/a5A5EYvT5XD9fdjGWBzBEd-30.jpg"
            ],
            "ItemTitle": "Chateau du Breuil Calvados 8 Jahre 0,7L",
            "ItemPrice": "39,99€",
            "ItemUnit": "57,13€/l",
            "local_image_path": "Wein/ Spirituosen/Spirituosen/highland_park_18_jahre_single_malt_whisky.jpg"
          },
          {
            "image_urls": [
              "https://www.edeka24.de/out/pictures/generated/product/1/224_224_90/slyrs_bavarian_single_malt_whisky_43_07l.jpg"
            ],
            "ItemTitle": "Slyrs Whisky 43% 0,7L",
            "ItemPrice": "56,99€",
            "ItemUnit": "81,41€/l",
            "local_image_path": "Wein/ Spirituosen/Spirituosen/highland_park_18_jahre_single_malt_whisky.jpg"
          },
          {
            "image_urls": [
              "https://www.edeka24.de/out/pictures/generated/product/1/224_224_90/carissima_aperitivo_amarenaampampgranatapfel_16_07l.jpg"
            ],
            "ItemTitle": "Carissima Aperitivo Amarena & Granatapfel 0,7L",
            "ItemPrice": "15,99€",
            "ItemUnit": "22,84€/l",
            "local_image_path": "Wein/ Spirituosen/Spirituosen/highland_park_18_jahre_single_malt_whisky.jpg"
          },
          {
            "image_urls": [
              "https://www.edeka24.de/out/pictures/generated/product/1/224_224_90/applaus_dry_gin_43_05l.jpg"
            ],
            "ItemTitle": "Applaus Dry Gin 43% 0,5L",
            "ItemPrice": "35,99€",
            "ItemUnit": "71,98€/l",
            "local_image_path": "Wein/ Spirituosen/Spirituosen/highland_park_18_jahre_single_malt_whisky.jpg"
          },
          {
            "image_urls": [
              "https://www.edeka24.de/out/pictures/generated/product/1/224_224_90/loch_lomond_original_40_07l.jpg"
            ],
            "ItemTitle": "Loch Lomond Whisky Original 40% 0,7L",
            "ItemPrice": "23,99€",
            "ItemUnit": "34,27€/l",
            "local_image_path": "Wein/ Spirituosen/Spirituosen/highland_park_18_jahre_single_malt_whisky.jpg"
          },
          {
            "image_urls": [
              "https://www.edeka24.de/out/pictures/generated/product/1/224_224_90/hebridean_journey_hunter_laing_blended_malt_46_07l.jpg"
            ],
            "ItemTitle": "Hunter Laing Whisky Hebridean Journey 46% 0,7L",
            "ItemPrice": "35,99€",
            "ItemUnit": "51,41€/l",
            "local_image_path": "Wein/ Spirituosen/Spirituosen/highland_park_18_jahre_single_malt_whisky.jpg"
          },
          {
            "image_urls": [
              "https://www.edeka24.de/out/pictures/generated/product/1/224_224_90/smokehead_peated_43_07l.jpg"
            ],
            "ItemTitle": "Smokehead Whisky Peated 43% 0,7L",
            "ItemPrice": "38,99€",
            "ItemUnit": "55,70€/l",
            "local_image_path": "Wein/ Spirituosen/Spirituosen/highland_park_18_jahre_single_malt_whisky.jpg"
          },
          {
            "image_urls": [
              "https://www.edeka24.de/out/pictures/generated/product/1/224_224_90/knut_hansen_alkoholfrei_05l.jpg"
            ],
            "ItemTitle": "Knut Hansen alkoholfrei 0,5L",
            "ItemPrice": "19,99€",
            "ItemUnit": "39,98€/l",
            "local_image_path": "Wein/ Spirituosen/Spirituosen/highland_park_18_jahre_single_malt_whisky.jpg"
          },
          {
            "image_urls": [
              "https://www.edeka24.de/out/pictures/generated/product/1/224_224_90/fies_momentum_kirschbrand_1726_urbrand_60_07l.jpg"
            ],
            "ItemTitle": "Fies Kirschbrand Momentum 1726 Urbrand 60% 0,7L",
            "ItemPrice": "59,99€",
            "ItemUnit": "85,70€/l",
            "local_image_path": "Wein/ Spirituosen/Spirituosen/highland_park_18_jahre_single_malt_whisky.jpg"
          },
          {
            "image_urls": [
              "https://www.edeka24.de/out/pictures/generated/product/1/224_224_90/bowmore_whisky_darkest_15_jahre_43_gp_07l.jpg"
            ],
            "ItemTitle": "Bowmore Whisky 15 Jahre 43% GP 0,7L",
            "ItemPrice": "69,99€",
            "ItemUnit": "99,99€/l",
            "local_image_path": "Wein/ Spirituosen/Spirituosen/highland_park_18_jahre_single_malt_whisky.jpg"
          },
          {
            "image_urls": [
              "https://www.edeka24.de/out/pictures/generated/product/1/224_224_90/tamnavulin_sherry_cask_whisky_40_07l.jpg"
            ],
            "ItemTitle": "Tamnavulin Sherry Cask Whisky 40% 0,7L",
            "ItemPrice": "26,99€",
            "ItemUnit": "38,56€/l",
            "local_image_path": "Wein/ Spirituosen/Spirituosen/highland_park_18_jahre_single_malt_whisky.jpg"
          },
          {
            "image_urls": [
              "https://www.edeka24.de/out/pictures/generated/product/1/224_224_90/fettercairn12.jpg"
            ],
            "ItemTitle": "Fettercairn Whisky 12 Jahre 40% GP 0,7L",
            "ItemPrice": "42,99€",
            "ItemUnit": "61,41€/l",
            "local_image_path": "Wein/ Spirituosen/Spirituosen/highland_park_18_jahre_single_malt_whisky.jpg"
          },
          {
            "image_urls": [
              "https://www.edeka24.de/out/pictures/generated/product/1/224_224_90/auchentoshan_12_jahre_single_malt_whisky.jpg"
            ],
            "ItemTitle": "Auchentoshan Whisky 12 Jahre 40% GP 0,7L",
            "ItemPrice": "30,99€",
            "ItemUnit": "44,27€/l",
            "local_image_path": "Wein/ Spirituosen/Spirituosen/highland_park_18_jahre_single_malt_whisky.jpg"
          },
          {
            "image_urls": [
              "https://www.edeka24.de/out/pictures/generated/product/1/224_224_90/glen_garioch_12y_mitgp.jpg"
            ],
            "ItemTitle": "Glen Garioch Whisky 12 Jahre 48% GP 0,7L",
            "ItemPrice": "45,99€",
            "ItemUnit": "65,70€/l",
            "local_image_path": "Wein/ Spirituosen/Spirituosen/highland_park_18_jahre_single_malt_whisky.jpg"
          },
          {
            "image_urls": [
              "https://www.edeka24.de/out/pictures/generated/product/1/224_224_90/kilchoman_machir_bay_46_07l.jpg"
            ],
            "ItemTitle": "Kilchoman Whisky Machir Bay 46% 0,7L",
            "ItemPrice": "42,99€",
            "ItemUnit": "61,41€/l",
            "local_image_path": "Wein/ Spirituosen/Spirituosen/highland_park_18_jahre_single_malt_whisky.jpg"
          },
          {
            "image_urls": [
              "https://www.edeka24.de/out/pictures/generated/product/1/224_224_90/glenfarclas_15_jahre_46_07l.jpg"
            ],
            "ItemTitle": "Glenfarclas Whisky 15 Jahre 46% 0,7L",
            "ItemPrice": "75,99€",
            "ItemUnit": "108,56€/l",
            "local_image_path": "Wein/ Spirituosen/Spirituosen/highland_park_18_jahre_single_malt_whisky.jpg"
          },
          {
            "image_urls": [
              "https://www.edeka24.de/out/pictures/generated/product/1/224_224_90/glenfarclas_8_years_40_07l.jpg"
            ],
            "ItemTitle": "Glenfarclas Whisky 8 Jahre 40% 0,7L",
            "ItemPrice": "32,99€",
            "ItemUnit": "47,13€/l",
            "local_image_path": "Wein/ Spirituosen/Spirituosen/highland_park_18_jahre_single_malt_whisky.jpg"
          },
          {
            "image_urls": [
              "https://www.edeka24.de/out/pictures/generated/product/1/224_224_90/auchentoshan_lowland_american_oak_single_malt_scotch_whisky_40_in_geschenkpackung_07l.jpg"
            ],
            "ItemTitle": "Auchentoshan Whisky American Oak 40% GP 0,7L",
            "ItemPrice": "28,99€",
            "ItemUnit": "41,41€/l",
            "local_image_path": "Wein/ Spirituosen/Spirituosen/highland_park_18_jahre_single_malt_whisky.jpg"
          },
          {
            "image_urls": [
              "https://www.edeka24.de/out/pictures/generated/product/1/224_224_90/volcanblanco.jpg"
            ],
            "ItemTitle": "Volcan Tequila Blanco 40% 0,7L",
            "ItemPrice": "49,99€",
            "ItemUnit": "71,41€/l",
            "local_image_path": "Wein/ Spirituosen/Spirituosen/highland_park_18_jahre_single_malt_whisky.jpg"
          },
          {
            "image_urls": [
              "https://www.edeka24.de/out/pictures/generated/product/1/224_224_90/glenkinchie12.jpg"
            ],
            "ItemTitle": "Glenkinchie Whisky 12 Jahre 43% GP 0,7L",
            "ItemPrice": "36,99€",
            "ItemUnit": "52,84€/l",
            "local_image_path": "Wein/ Spirituosen/Spirituosen/highland_park_18_jahre_single_malt_whisky.jpg"
          },
          {
            "image_urls": [
              "https://www.edeka24.de/out/pictures/generated/product/1/224_224_90/zieglersauerkirsch.jpg"
            ],
            "ItemTitle": "Ziegler Sauerkirsch 43% 0,5L",
            "ItemPrice": "60,99€",
            "ItemUnit": "121,98€/l",
            "local_image_path": "Wein/ Spirituosen/Spirituosen/highland_park_18_jahre_single_malt_whisky.jpg"
          },
          {
            "image_urls": [
              "https://www.edeka24.de/out/pictures/generated/product/1/224_224_90/zieglerfreudenberger.jpg"
            ],
            "ItemTitle": "Ziegler Freudenberger 43% 0,5L",
            "ItemPrice": "50,99€",
            "ItemUnit": "101,98€/l",
            "local_image_path": "Wein/ Spirituosen/Spirituosen/highland_park_18_jahre_single_malt_whisky.jpg"
          },
          {
            "image_urls": [
              "https://www.edeka24.de/out/pictures/generated/product/1/224_224_90/nikka_days_blended_whisky_40_07l.jpg"
            ],
            "ItemTitle": "Nikka Whisky Days 40% 0,7L",
            "ItemPrice": "37,99€",
            "ItemUnit": "54,27€/l",
            "local_image_path": "Wein/ Spirituosen/Spirituosen/highland_park_18_jahre_single_malt_whisky.jpg"
          },
          {
            "image_urls": [
              "https://www.edeka24.de/out/pictures/generated/product/1/224_224_90/grappa-francoli-nebbilo.jpg"
            ],
            "ItemTitle": "Luigi Francoli Grappa di Vespolina e Nebbiolo 0,7L",
            "ItemPrice": "28,99€",
            "ItemUnit": "41,41€/l",
            "local_image_path": "Wein/ Spirituosen/Spirituosen/highland_park_18_jahre_single_malt_whisky.jpg"
          },
          {
            "image_urls": [
              "https://www.edeka24.de/out/pictures/generated/product/1/224_224_90/freudwhisky.jpg"
            ],
            "ItemTitle": "Freud Whisky Distillers Cut 41,5% 0,7L",
            "ItemPrice": "44,99€",
            "ItemUnit": "64,27€/l",
            "local_image_path": "Wein/ Spirituosen/Spirituosen/freudwhisky.jpg"
          },
          {
            "image_urls": [
              "https://www.edeka24.de/out/pictures/generated/product/1/224_224_90/zieglerwaldhimbeer.jpg"
            ],
            "ItemTitle": "Ziegler Waldhimbeer 43% 0,5L",
            "ItemPrice": "59,99€",
            "ItemUnit": "119,98€/l",
            "local_image_path": "Wein/ Spirituosen/Spirituosen/zieglerwaldhimbeer.jpg"
          },
          {
            "image_urls": [
              "https://www.edeka24.de/out/pictures/generated/product/1/224_224_90/bombay_bramble_gin_37507l.jpg"
            ],
            "ItemTitle": "Bombay Bramble Gin 0,7L",
            "ItemPrice": "23,49€",
            "ItemUnit": "33,56€/l",
            "local_image_path": "Wein/ Spirituosen/Spirituosen/bombay_bramble_gin_37507l.jpg"
          },
          {
            "image_urls": [
              "https://www.edeka24.de/out/pictures/generated/product/1/224_224_90/absolutelyx.jpg"
            ],
            "ItemTitle": "Absolut Vodka Elyx 42,3% 0,7L",
            "ItemPrice": "39,99€",
            "ItemUnit": "57,13€/l",
            "local_image_path": "Wein/ Spirituosen/Spirituosen/absolutelyx.jpg"
          },
          {
            "image_urls": [
              "https://www.edeka24.de/out/pictures/generated/product/1/224_224_90/islay_journeyhunter_laing_blended_malt_46_07l.jpg"
            ],
            "ItemTitle": "Hunter Laing Whisky Islay Journey 46% 0,7L",
            "ItemPrice": "35,99€",
            "ItemUnit": "51,41€/l",
            "local_image_path": "Wein/ Spirituosen/Spirituosen/islay_journeyhunter_laing_blended_malt_46_07l.jpg"
          },
          {
            "image_urls": [
              "https://www.edeka24.de/out/pictures/generated/product/1/224_224_90/elephant_orange_cocoa_gin_40_05l.jpg"
            ],
            "ItemTitle": "Elephant Gin Orange Cocoa 40% 0,5L",
            "ItemPrice": "35,99€",
            "ItemUnit": "71,98€/l",
            "local_image_path": "Wein/ Spirituosen/Spirituosen/highland_park_18_jahre_single_malt_whisky.jpg"
          },
          {
            "image_urls": [
              "https://www.edeka24.de/out/pictures/generated/product/1/224_224_90/plantation_rum_original_dark_barbadosampampjamaica_40_07l.jpg"
            ],
            "ItemTitle": "Plantation Original Dark Double Aged Rum Barbados & Jamaica 0,7L",
            "ItemPrice": "18,99€",
            "ItemUnit": "27,13€/l",
            "local_image_path": "Wein/ Spirituosen/Spirituosen/highland_park_18_jahre_single_malt_whisky.jpg"
          },
          {
            "image_urls": [
              "https://www.edeka24.de/out/pictures/generated/product/1/224_224_90/bruichladdich_scottish_barley_50_07l.jpg"
            ],
            "ItemTitle": "Bruichladdich Whisky The Classic Laddie 50% 0,7L",
            "ItemPrice": "49,99€",
            "ItemUnit": "71,41€/l",
            "local_image_path": "Wein/ Spirituosen/Spirituosen/highland_park_18_jahre_single_malt_whisky.jpg"
          },
          {
            "image_urls": [
              "https://www.edeka24.de/out/pictures/generated/product/1/224_224_90/talisker_whisky_storm_458_07l.jpg"
            ],
            "ItemTitle": "Talisker Whisky Storm 45,8% 0,7L",
            "ItemPrice": "35,99€",
            "ItemUnit": "51,41€/l",
            "local_image_path": "Wein/ Spirituosen/Spirituosen/highland_park_18_jahre_single_malt_whisky.jpg"
          },
          {
            "image_urls": [
              "https://www.edeka24.de/out/pictures/generated/product/1/224_224_90/plantation_rum_barbados_grande_reserve_40_07l.jpg"
            ],
            "ItemTitle": "Plantation Rum Barbados Grande Reserve 0,7L",
            "ItemPrice": "22,99€",
            "ItemUnit": "32,84€/l",
            "local_image_path": "Wein/ Spirituosen/Spirituosen/highland_park_18_jahre_single_malt_whisky.jpg"
          },
          {
            "image_urls": [
              "https://www.edeka24.de/out/pictures/generated/product/1/224_224_90/redbreast_whiskey_12yo_40_07l.jpg"
            ],
            "ItemTitle": "Redbreast Whiskey 12 Jahre 40% 0,7L",
            "ItemPrice": "53,99€",
            "ItemUnit": "77,13€/l",
            "local_image_path": "Wein/ Spirituosen/Spirituosen/highland_park_18_jahre_single_malt_whisky.jpg"
          },
          {
            "image_urls": [
              "https://www.edeka24.de/out/pictures/generated/product/1/224_224_90/nonino_grappa_il_prosecco_barriques_41_05l.jpg"
            ],
            "ItemTitle": "Nonino Grappa Il Prosecco Barriques 41% 0,5L",
            "ItemPrice": "30,99€",
            "ItemUnit": "61,98€/l",
            "local_image_path": "Wein/ Spirituosen/Spirituosen/highland_park_18_jahre_single_malt_whisky.jpg"
          },
          {
            "image_urls": [
              "https://www.edeka24.de/out/pictures/generated/product/1/224_224_90/ahriise_1888_copenhagen_gold_medal_rum_40_07l.jpg"
            ],
            "ItemTitle": "A.H.Riise 1888 Copenhagen Gold Medal Rum 40% 0,7L",
            "ItemPrice": "39,99€",
            "ItemUnit": "57,13€/l",
            "local_image_path": "Wein/ Spirituosen/Spirituosen/highland_park_18_jahre_single_malt_whisky.jpg"
          },
          {
            "image_urls": [
              "https://www.edeka24.de/out/pictures/generated/product/1/224_224_90/matusalem.jpg"
            ],
            "ItemTitle": "Matusalem Rum Gran Reserva 15 Jahre 40% 0,7L",
            "ItemPrice": "33,99€",
            "ItemUnit": "48,56€/l",
            "local_image_path": "Wein/ Spirituosen/Spirituosen/highland_park_18_jahre_single_malt_whisky.jpg"
          },
          {
            "image_urls": [
              "https://www.edeka24.de/out/pictures/generated/product/1/224_224_90/talisker_whisky_port_ruighe_458_07l.jpg"
            ],
            "ItemTitle": "Talisker Whisky Port Ruighe 45,8% 0,7L",
            "ItemPrice": "44,99€",
            "ItemUnit": "64,27€/l",
            "local_image_path": "Wein/ Spirituosen/Spirituosen/highland_park_18_jahre_single_malt_whisky.jpg"
          },
          {
            "image_urls": [
              "https://www.edeka24.de/out/pictures/generated/product/1/224_224_90/bowmore_18yo_mit_gp_700ml.jpg"
            ],
            "ItemTitle": "Bowmore Whisky 18 Jahre 43% GP 0,7L",
            "ItemPrice": "109,00€",
            "ItemUnit": "155,71€/l",
            "local_image_path": "Wein/ Spirituosen/Spirituosen/highland_park_18_jahre_single_malt_whisky.jpg"
          },
          {
            "image_urls": [
              "https://www.edeka24.de/out/pictures/generated/product/1/224_224_90/app_50cl_2022.jpg"
            ],
            "ItemTitle": "Appenzeller Alpenbitter 0,5L",
            "ItemPrice": "14,49€",
            "ItemUnit": "28,98€/l",
            "local_image_path": "Wein/ Spirituosen/Spirituosen/highland_park_18_jahre_single_malt_whisky.jpg"
          },
          {
            "image_urls": [
              "https://www.edeka24.de/out/pictures/generated/product/1/224_224_90/prinz_wiliams_christ_4105l.jpg"
            ],
            "ItemTitle": "Prinz Alte Wiliams Christ Birne 0,5L",
            "ItemPrice": "20,99€",
            "ItemUnit": "41,98€/l",
            "local_image_path": "Wein/ Spirituosen/Spirituosen/highland_park_18_jahre_single_malt_whisky.jpg"
          },
          {
            "image_urls": [
              "https://www.edeka24.de/out/pictures/generated/product/1/224_224_90/bunnastiuireadair.jpg"
            ],
            "ItemTitle": "Bunnahabhain Whisky Stiuireadair 46,3% 0,7L",
            "ItemPrice": "41,99€",
            "ItemUnit": "59,99€/l",
            "local_image_path": "Wein/ Spirituosen/Spirituosen/highland_park_18_jahre_single_malt_whisky.jpg"
          },
          {
            "image_urls": [
              "https://www.edeka24.de/out/pictures/generated/product/1/224_224_90/brockmans_gin_40_07l.jpg"
            ],
            "ItemTitle": "Brockman's Gin 40% 0,7L",
            "ItemPrice": "30,99€",
            "ItemUnit": "44,27€/l",
            "local_image_path": "Wein/ Spirituosen/Spirituosen/highland_park_18_jahre_single_malt_whisky.jpg"
          },
          {
            "image_urls": [
              "https://www.edeka24.de/out/pictures/generated/product/1/224_224_90/prinz_alte_kirsche_41_05l.jpg"
            ],
            "ItemTitle": "Prinz Alte Kirsche 0,5L",
            "ItemPrice": "22,99€",
            "ItemUnit": "45,98€/l",
            "local_image_path": "Wein/ Spirituosen/Spirituosen/highland_park_18_jahre_single_malt_whisky.jpg"
          },
          {
            "image_urls": [
              "https://www.edeka24.de/out/pictures/generated/product/1/224_224_90/the_glenlivet_founders_reserve_single_malt_whisky.jpg"
            ],
            "ItemTitle": "The Glenlivet Whisky Founders Reserve 40% GP 0,7L",
            "ItemPrice": "30,99€",
            "ItemUnit": "44,27€/l",
            "local_image_path": "Wein/ Spirituosen/Spirituosen/highland_park_18_jahre_single_malt_whisky.jpg"
          },
          {
            "image_urls": [
              "https://www.edeka24.de/out/pictures/generated/product/1/224_224_90/tanqueray_flor_de_sevilla_413_07l.jpg"
            ],
            "ItemTitle": "Tanqueray Flor de Sevilla Gin 0,7L",
            "ItemPrice": "22,49€",
            "ItemUnit": "32,13€/l",
            "local_image_path": "Wein/ Spirituosen/Spirituosen/highland_park_18_jahre_single_malt_whisky.jpg"
          },
          {
            "image_urls": [
              "https://www.edeka24.de/out/pictures/generated/product/1/224_224_90/skinginteakiss.jpg"
            ],
            "ItemTitle": "Skin Gin Tea Kiss 42% 0,5L",
            "ItemPrice": "40,99€",
            "ItemUnit": "81,98€/l",
            "local_image_path": "Wein/ Spirituosen/Spirituosen/highland_park_18_jahre_single_malt_whisky.jpg"
          },
          {
            "image_urls": [
              "https://www.edeka24.de/out/pictures/generated/product/1/224_224_90/fies_momentum_schlehengeist_44_07l.jpg"
            ],
            "ItemTitle": "Fies Schlehengeist Momentum 44% 0,7L",
            "ItemPrice": "42,99€",
            "ItemUnit": "61,41€/l",
            "local_image_path": "Wein/ Spirituosen/Spirituosen/highland_park_18_jahre_single_malt_whisky.jpg"
          },
          {
            "image_urls": [
              "https://www.edeka24.de/out/pictures/generated/product/1/224_224_90/courvoisier_cognac_xo_21_40_07l.jpg"
            ],
            "ItemTitle": "Courvoisier Cognac XO 40% 0,7L",
            "ItemPrice": "135,00€",
            "ItemUnit": "192,86€/l",
            "local_image_path": "Wein/ Spirituosen/Spirituosen/highland_park_18_jahre_single_malt_whisky.jpg"
          },
          {
            "image_urls": [
              "https://www.edeka24.de/out/pictures/generated/product/1/224_224_90/fies_momentum_zwetschgenbrand_44_07l.jpg"
            ],
            "ItemTitle": "Fies Bühler Zwetschgenbrand Momentum 44% 0,7L",
            "ItemPrice": "54,99€",
            "ItemUnit": "78,56€/l",
            "local_image_path": "Wein/ Spirituosen/Spirituosen/highland_park_18_jahre_single_malt_whisky.jpg"
          },
          {
            "image_urls": [
              "https://www.edeka24.de/out/pictures/generated/product/1/224_224_90/ronpiet.jpg"
            ],
            "ItemTitle": "Ron Piet Rum 10 Jahre 40% 0,7L",
            "ItemPrice": "30,99€",
            "ItemUnit": "44,27€/l",
            "local_image_path": "Wein/ Spirituosen/Spirituosen/highland_park_18_jahre_single_malt_whisky.jpg"
          },
          {
            "image_urls": [
              "https://www.edeka24.de/out/pictures/generated/product/1/224_224_90/zieglermirabelle.jpg"
            ],
            "ItemTitle": "Ziegler Mirabelle 43% 0,5L",
            "ItemPrice": "60,99€",
            "ItemUnit": "121,98€/l",
            "local_image_path": "Wein/ Spirituosen/Spirituosen/highland_park_18_jahre_single_malt_whisky.jpg"
          },
          {
            "image_urls": [
              "https://www.edeka24.de/out/pictures/generated/product/1/224_224_90/bruichladdich_port_charlotte_scottish_barley_10jahre_50_07l.jpg"
            ],
            "ItemTitle": "Bruichladdich Whisky Port Charlotte Heavily Peated 10 Jahre 50% 0,7L",
            "ItemPrice": "61,99€",
            "ItemUnit": "88,56€/l",
            "local_image_path": "Wein/ Spirituosen/Spirituosen/highland_park_18_jahre_single_malt_whisky.jpg"
          },
          {
            "image_urls": [
              "https://www.edeka24.de/out/pictures/generated/product/1/224_224_90/suntory_toki_43_07l.jpg"
            ],
            "ItemTitle": "Suntory Whisky Toki 43% 0,7L",
            "ItemPrice": "31,99€",
            "ItemUnit": "45,70€/l",
            "local_image_path": "Wein/ Spirituosen/Spirituosen/highland_park_18_jahre_single_malt_whisky.jpg"
          },
          {
            "image_urls": [
              "https://www.edeka24.de/out/pictures/generated/product/1/224_224_90/applaus_dry_gin_suedmarie_43_500ml.jpg"
            ],
            "ItemTitle": "Applaus Dry Gin Suedmarie 43% 0,5L",
            "ItemPrice": "35,99€",
            "ItemUnit": "71,98€/l",
            "local_image_path": "Wein/ Spirituosen/Spirituosen/applaus_dry_gin_suedmarie_43_500ml.jpg"
          },
          {
            "image_urls": [
              "https://www.edeka24.de/out/pictures/generated/product/1/224_224_90/el_ron_prohibido_15jahre40_700ml.jpg"
            ],
            "ItemTitle": "El Ron Prohibido Rum 15 Jahre 40% 0,7L",
            "ItemPrice": "33,99€",
            "ItemUnit": "48,56€/l",
            "local_image_path": "Wein/ Spirituosen/Spirituosen/el_ron_prohibido_15jahre40_700ml.jpg"
          },
          {
            "image_urls": [
              "https://www.edeka24.de/out/pictures/generated/product/1/224_224_90/windspiel_alkoholfrei_05l.jpg"
            ],
            "ItemTitle": "Windspiel Alkoholfrei 0,5L",
            "ItemPrice": "25,99€",
            "ItemUnit": "51,98€/l",
            "local_image_path": "Wein/ Spirituosen/Spirituosen/windspiel_alkoholfrei_05l.jpg"
          },
          {
            "image_urls": [
              "https://www.edeka24.de/out/pictures/generated/product/1/224_224_90/loch_lomond_single_malt_whisky_12years_46_07l.jpg"
            ],
            "ItemTitle": "Loch Lomond Whisky 12 Jahre 46% 0,7L",
            "ItemPrice": "37,99€",
            "ItemUnit": "54,27€/l",
            "local_image_path": "Wein/ Spirituosen/Spirituosen/loch_lomond_single_malt_whisky_12years_46_07l.jpg"
          },
          {
            "image_urls": [
              "https://www.edeka24.de/out/pictures/generated/product/1/224_224_90/zieglerwepfili.jpg"
            ],
            "ItemTitle": "Ziegler Weinbergpfirsich Likör 18% 0,5L",
            "ItemPrice": "40,99€",
            "ItemUnit": "81,98€/l",
            "local_image_path": "Wein/ Spirituosen/Spirituosen/zieglerwepfili.jpg"
          },
          {
            "image_urls": [
              "https://www.edeka24.de/out/pictures/generated/product/1/224_224_90/knob_creek_bourbon_whiskey_50_07l.jpg"
            ],
            "ItemTitle": "Knob Creek Bourbon Whiskey 50% 0,7L",
            "ItemPrice": "35,99€",
            "ItemUnit": "51,41€/l",
            "local_image_path": "Wein/ Spirituosen/Spirituosen/knob_creek_bourbon_whiskey_50_07l.jpg"
          },
          {
            "image_urls": [
              "https://www.edeka24.de/out/pictures/generated/product/1/224_224_90/jura_whisky_12_jahre_40_07l.jpg"
            ],
            "ItemTitle": "Jura Whisky 12 Jahre 40% 0,7L",
            "ItemPrice": "38,99€",
            "ItemUnit": "55,70€/l",
            "local_image_path": "Wein/ Spirituosen/Spirituosen/jura_whisky_12_jahre_40_07l.jpg"
          },
          {
            "image_urls": [
              "https://www.edeka24.de/out/pictures/generated/product/1/224_224_90/gordon039s_london_dry_ginampamptonic_10_025l_dpg.jpg"
            ],
            "ItemTitle": "Gordon's London Dry Gin & Tonic 0,25L",
            "ItemPrice": "2,99€",
            "ItemUnit": "11,96€/lzzgl.0,25€Pfand",
            "local_image_path": "Wein/ Spirituosen/Spirituosen/gordon039s_london_dry_ginampamptonic_10_025l_dpg.jpg"
          },
          {
            "image_urls": [
              "https://www.edeka24.de/out/pictures/generated/product/1/224_224_90/wikinger_met_heiamp223er_honigwein_075l.jpg"
            ],
            "ItemTitle": "Wikinger Met Heißer Wikinger Met 0,75L",
            "ItemPrice": "5,99€",
            "ItemUnit": "7,99€/l",
            "local_image_path": "Wein/ Spirituosen/Spirituosen/wikinger_met_heiamp223er_honigwein_075l.jpg"
          },
          {
            "image_urls": [
              "https://www.edeka24.de/out/pictures/generated/product/1/224_224_90/ziegleralterapfel.jpg"
            ],
            "ItemTitle": "Ziegler Alter Apfel 43% 0,5L",
            "ItemPrice": "60,99€",
            "ItemUnit": "121,98€/l",
            "local_image_path": "Wein/ Spirituosen/Spirituosen/ziegleralterapfel.jpg"
          },
          {
            "image_urls": [
              "https://www.edeka24.de/out/pictures/generated/product/1/224_224_90/glenfarclas_25_jahre_43_07l.jpg"
            ],
            "ItemTitle": "Glenfarclas Whisky 25 Jahre 43% 0,7L",
            "ItemPrice": "199,00€",
            "ItemUnit": "284,29€/l",
            "local_image_path": "Wein/ Spirituosen/Spirituosen/glenfarclas_25_jahre_43_07l.jpg"
          },
          {
            "image_urls": [
              "https://www.edeka24.de/out/pictures/generated/product/1/224_224_90/theillusionist.jpg"
            ],
            "ItemTitle": "The Illusionist Bio Dry Gin 45% 0,5L",
            "ItemPrice": "36,99€",
            "ItemUnit": "73,98€/l",
            "local_image_path": "Wein/ Spirituosen/Spirituosen/theillusionist.jpg"
          },
          {
            "image_urls": [
              "https://www.edeka24.de/out/pictures/generated/product/1/224_224_90/threesixtyblack42.jpg"
            ],
            "ItemTitle": "Three Sixty Vodka Black 42 0,7L",
            "ItemPrice": "16,99€",
            "ItemUnit": "24,27€/l",
            "local_image_path": "Wein/ Spirituosen/Spirituosen/threesixtyblack42.jpg"
          },
          {
            "image_urls": [
              "https://www.edeka24.de/out/pictures/generated/product/1/224_224_90/ardbeganoa.jpg"
            ],
            "ItemTitle": "Ardbeg Whisky An Oa 46,6% GP 0,7L",
            "ItemPrice": "62,99€",
            "ItemUnit": "89,99€/l",
            "local_image_path": "Wein/ Spirituosen/Spirituosen/ardbeganoa.jpg"
          },
          {
            "image_urls": [
              "https://www.edeka24.de/out/pictures/generated/product/1/224_224_90/hendrick039s_neptunia_gin_434_07l.jpg"
            ],
            "ItemTitle": "Hendrick's Neptunia Gin 43,4% 0,7L",
            "ItemPrice": "39,99€",
            "ItemUnit": "57,13€/l",
            "local_image_path": "Wein/ Spirituosen/Spirituosen/hendrick039s_neptunia_gin_434_07l.jpg"
          },
          {
            "image_urls": [
              "https://www.edeka24.de/out/pictures/generated/product/1/224_224_90/botanist_islay-gin.jpg"
            ],
            "ItemTitle": "The Botanist Islay Dry Gin 46% 0,7L",
            "ItemPrice": "36,99€",
            "ItemUnit": "52,84€/l",
            "local_image_path": "Wein/ Spirituosen/Spirituosen/botanist_islay-gin.jpg"
          },
          {
            "image_urls": [
              "https://www.edeka24.de/out/pictures/generated/product/1/224_224_90/johnnie_walker_aged_18_blended_scotch_whisky_40_07l.jpg"
            ],
            "ItemTitle": "Johnnie Walker Whisky 18 Jahre 40% GP 0,7L",
            "ItemPrice": "66,99€",
            "ItemUnit": "95,70€/l",
            "local_image_path": "Wein/ Spirituosen/Spirituosen/johnnie_walker_aged_18_blended_scotch_whisky_40_07l.jpg"
          },
          {
            "image_urls": [
              "https://www.edeka24.de/out/pictures/generated/product/1/224_224_90/glenmoquintaruban.jpg"
            ],
            "ItemTitle": "Glenmorangie Whisky Quinta Ruban 46% GP 0,7L",
            "ItemPrice": "64,99€",
            "ItemUnit": "92,84€/l",
            "local_image_path": "Wein/ Spirituosen/Spirituosen/glenmoquintaruban.jpg"
          },
          {
            "image_urls": [
              "https://www.edeka24.de/out/pictures/generated/product/1/224_224_90/hennessy_cognac_vsop_40_07l.jpg"
            ],
            "ItemTitle": "Hennessy Cognac VSOP 40% 0,7L",
            "ItemPrice": "63,99€",
            "ItemUnit": "91,41€/l",
            "local_image_path": "Wein/ Spirituosen/Spirituosen/hennessy_cognac_vsop_40_07l.jpg"
          },
          {
            "image_urls": [
              "https://www.edeka24.de/out/pictures/generated/product/1/224_224_90/knut_hansen_dry_gin_42_05l.jpg"
            ],
            "ItemTitle": "Knut Hansen Dry Gin 42% 0,5L",
            "ItemPrice": "35,99€",
            "ItemUnit": "71,98€/l",
            "local_image_path": "Wein/ Spirituosen/Spirituosen/knut_hansen_dry_gin_42_05l.jpg"
          },
          {
            "image_urls": [
              "https://www.edeka24.de/out/pictures/generated/product/1/224_224_90/edinburgh_gin_seaside_43_07l.jpg"
            ],
            "ItemTitle": "Edinburgh Gin Seaside 43% 0,7L",
            "ItemPrice": "36,99€",
            "ItemUnit": "52,84€/l",
            "local_image_path": "Wein/ Spirituosen/Spirituosen/edinburgh_gin_seaside_43_07l.jpg"
          },
          {
            "image_urls": [
              "https://www.edeka24.de/out/pictures/generated/product/1/224_224_90/centenario_rum_12_gran_legado_40_07l.jpg"
            ],
            "ItemTitle": "Ron Centenario Rum 12 Gran Legado 40% 0,7L",
            "ItemPrice": "33,99€",
            "ItemUnit": "48,56€/l",
            "local_image_path": "Wein/ Spirituosen/Spirituosen/centenario_rum_12_gran_legado_40_07l.jpg"
          },
          {
            "image_urls": [
              "https://www.edeka24.de/out/pictures/generated/product/1/224_224_90/jameson_select_reserve_black_barrel_40_gp_07l.jpg"
            ],
            "ItemTitle": "Jameson Whiskey Select Reserve Black Barrel 40% GP 0,7L",
            "ItemPrice": "34,99€",
            "ItemUnit": "49,99€/l",
            "local_image_path": "Wein/ Spirituosen/Spirituosen/jameson_select_reserve_black_barrel_40_gp_07l.jpg"
          },
          {
            "image_urls": [
              "https://www.edeka24.de/out/pictures/generated/product/1/224_224_90/bumbuxo.jpg"
            ],
            "ItemTitle": "Bumbu Rum X.O. 40% 0,7L",
            "ItemPrice": "37,99€",
            "ItemUnit": "54,27€/l",
            "local_image_path": "Wein/ Spirituosen/Spirituosen/bumbuxo.jpg"
          },
          {
            "image_urls": [
              "https://www.edeka24.de/out/pictures/generated/product/1/224_224_90/carlos_iimperial_40_gp_07l.jpg"
            ],
            "ItemTitle": "Carlos I Imperial 40% GP 0,7L",
            "ItemPrice": "45,99€",
            "ItemUnit": "65,70€/l",
            "local_image_path": "Wein/ Spirituosen/Spirituosen/carlos_iimperial_40_gp_07l.jpg"
          },
          {
            "image_urls": [
              "https://www.edeka24.de/out/pictures/generated/product/1/224_224_90/jurarumcask.jpg"
            ],
            "ItemTitle": "Jura Whisky Rum Cask Finish 40% 0,7L",
            "ItemPrice": "31,99€",
            "ItemUnit": "45,70€/l",
            "local_image_path": "Wein/ Spirituosen/Spirituosen/jurarumcask.jpg"
          },
          {
            "image_urls": [
              "https://www.edeka24.de/out/pictures/generated/product/1/224_224_90/lindampamplime_london_dry_gin_44_07l.jpg"
            ],
            "ItemTitle": "Lind & Lime Dry Gin 44% 0,7L",
            "ItemPrice": "40,99€",
            "ItemUnit": "58,56€/l",
            "local_image_path": "Wein/ Spirituosen/Spirituosen/lindampamplime_london_dry_gin_44_07l.jpg"
          },
          {
            "image_urls": [
              "https://www.edeka24.de/out/pictures/generated/product/1/224_224_90/glengoyne_single_malt_highland_whisky_10y_40_07l.jpg"
            ],
            "ItemTitle": "Glengoyne Whisky 10 Jahre 40% 0,7L",
            "ItemPrice": "41,99€",
            "ItemUnit": "59,99€/l",
            "local_image_path": "Wein/ Spirituosen/Spirituosen/glengoyne_single_malt_highland_whisky_10y_40_07l.jpg"
          },
          {
            "image_urls": [
              "https://www.edeka24.de/out/pictures/generated/product/1/224_224_90/highland_journey_hunter_laingblended_malt_46_07l.jpg"
            ],
            "ItemTitle": "Hunter Laing Whisky Highland Journey 46% 0,7L",
            "ItemPrice": "35,99€",
            "ItemUnit": "51,41€/l",
            "local_image_path": "Wein/ Spirituosen/Spirituosen/highland_journey_hunter_laingblended_malt_46_07l.jpg"
          },
          {
            "image_urls": [
              "https://www.edeka24.de/out/pictures/generated/product/1/224_224_90/goldgin.jpg"
            ],
            "ItemTitle": "Gold Gin 40% 0,7L",
            "ItemPrice": "34,99€",
            "ItemUnit": "49,99€/l",
            "local_image_path": "Wein/ Spirituosen/Spirituosen/highland_park_18_jahre_single_malt_whisky.jpg"
          },
          {
            "image_urls": [
              "https://www.edeka24.de/out/pictures/generated/product/1/224_224_90/ramazzotti-aperitivo-rosato-70cl.jpg"
            ],
            "ItemTitle": "Ramazzotti Aperitivo Rosato 0,7L",
            "ItemPrice": "14,99€",
            "ItemUnit": "21,41€/l",
            "local_image_path": "Wein/ Spirituosen/Spirituosen/highland_park_18_jahre_single_malt_whisky.jpg"
          },
          {
            "image_urls": [
              "https://www.edeka24.de/out/pictures/generated/product/1/224_224_90/belvedere_vodka_07l.jpg"
            ],
            "ItemTitle": "Belvedere Vodka 40% 0,7L",
            "ItemPrice": "45,99€",
            "ItemUnit": "65,70€/l",
            "local_image_path": "Wein/ Spirituosen/Spirituosen/highland_park_18_jahre_single_malt_whisky.jpg"
          },
          {
            "image_urls": [
              "https://www.edeka24.de/out/pictures/generated/product/1/224_224_90/glenmorangie_single_malt_whisky_nectar_d039or_46_gp_07l.jpg"
            ],
            "ItemTitle": "Glenmorangie Whisky Nectar d'Or 46% GP 0,7L",
            "ItemPrice": "68,99€",
            "ItemUnit": "98,56€/l",
            "local_image_path": "Wein/ Spirituosen/Spirituosen/highland_park_18_jahre_single_malt_whisky.jpg"
          },
          {
            "image_urls": [
              "https://www.edeka24.de/out/pictures/generated/product/1/224_224_90/oldpulteneyhuddart.jpg"
            ],
            "ItemTitle": "Old Pulteney Whisky Huddart 46% 0,7L",
            "ItemPrice": "48,99€",
            "ItemUnit": "69,99€/l",
            "local_image_path": "Wein/ Spirituosen/Spirituosen/highland_park_18_jahre_single_malt_whisky.jpg"
          },
          {
            "image_urls": [
              "https://www.edeka24.de/out/pictures/generated/product/1/224_224_90/zieglerwepfili.jpg"
            ],
            "ItemTitle": "Ziegler Weinbergpfirsich Likör 18% 0,5L",
            "ItemPrice": "40,99€",
            "ItemUnit": "81,98€/l",
            "local_image_path": "Wein/ Spirituosen/Spirituosen/zieglerwepfili.jpg"
          },
          {
            "image_urls": [
              "https://www.edeka24.de/out/pictures/generated/product/1/224_224_90/knob_creek_bourbon_whiskey_50_07l.jpg"
            ],
            "ItemTitle": "Knob Creek Bourbon Whiskey 50% 0,7L",
            "ItemPrice": "35,99€",
            "ItemUnit": "51,41€/l",
            "local_image_path": "Wein/ Spirituosen/Spirituosen/knob_creek_bourbon_whiskey_50_07l.jpg"
          },
          {
            "image_urls": [
              "https://www.edeka24.de/out/pictures/generated/product/1/224_224_90/jura_whisky_12_jahre_40_07l.jpg"
            ],
            "ItemTitle": "Jura Whisky 12 Jahre 40% 0,7L",
            "ItemPrice": "38,99€",
            "ItemUnit": "55,70€/l",
            "local_image_path": "Wein/ Spirituosen/Spirituosen/jura_whisky_12_jahre_40_07l.jpg"
          },
          {
            "image_urls": [
              "https://www.edeka24.de/out/pictures/generated/product/1/224_224_90/gordon039s_london_dry_ginampamptonic_10_025l_dpg.jpg"
            ],
            "ItemTitle": "Gordon's London Dry Gin & Tonic 0,25L",
            "ItemPrice": "2,99€",
            "ItemUnit": "11,96€/lzzgl.0,25€Pfand",
            "local_image_path": "Wein/ Spirituosen/Spirituosen/gordon039s_london_dry_ginampamptonic_10_025l_dpg.jpg"
          },
          {
            "image_urls": [
              "https://www.edeka24.de/out/pictures/generated/product/1/224_224_90/wikinger_met_heiamp223er_honigwein_075l.jpg"
            ],
            "ItemTitle": "Wikinger Met Heißer Wikinger Met 0,75L",
            "ItemPrice": "5,99€",
            "ItemUnit": "7,99€/l",
            "local_image_path": "Wein/ Spirituosen/Spirituosen/wikinger_met_heiamp223er_honigwein_075l.jpg"
          },
          {
            "image_urls": [
              "https://www.edeka24.de/out/pictures/generated/product/1/224_224_90/ziegleralterapfel.jpg"
            ],
            "ItemTitle": "Ziegler Alter Apfel 43% 0,5L",
            "ItemPrice": "60,99€",
            "ItemUnit": "121,98€/l",
            "local_image_path": "Wein/ Spirituosen/Spirituosen/ziegleralterapfel.jpg"
          },
          {
            "image_urls": [
              "https://www.edeka24.de/out/pictures/generated/product/1/224_224_90/glenfarclas_25_jahre_43_07l.jpg"
            ],
            "ItemTitle": "Glenfarclas Whisky 25 Jahre 43% 0,7L",
            "ItemPrice": "199,00€",
            "ItemUnit": "284,29€/l",
            "local_image_path": "Wein/ Spirituosen/Spirituosen/glenfarclas_25_jahre_43_07l.jpg"
          },
          {
            "image_urls": [
              "https://www.edeka24.de/out/pictures/generated/product/1/224_224_90/theillusionist.jpg"
            ],
            "ItemTitle": "The Illusionist Bio Dry Gin 45% 0,5L",
            "ItemPrice": "36,99€",
            "ItemUnit": "73,98€/l",
            "local_image_path": "Wein/ Spirituosen/Spirituosen/theillusionist.jpg"
          },
          {
            "image_urls": [
              "https://www.edeka24.de/out/pictures/generated/product/1/224_224_90/threesixtyblack42.jpg"
            ],
            "ItemTitle": "Three Sixty Vodka Black 42 0,7L",
            "ItemPrice": "16,99€",
            "ItemUnit": "24,27€/l",
            "local_image_path": "Wein/ Spirituosen/Spirituosen/threesixtyblack42.jpg"
          },
          {
            "image_urls": [
              "https://www.edeka24.de/out/pictures/generated/product/1/224_224_90/ardbeganoa.jpg"
            ],
            "ItemTitle": "Ardbeg Whisky An Oa 46,6% GP 0,7L",
            "ItemPrice": "62,99€",
            "ItemUnit": "89,99€/l",
            "local_image_path": "Wein/ Spirituosen/Spirituosen/ardbeganoa.jpg"
          },
          {
            "image_urls": [
              "https://www.edeka24.de/out/pictures/generated/product/1/224_224_90/hendrick039s_neptunia_gin_434_07l.jpg"
            ],
            "ItemTitle": "Hendrick's Neptunia Gin 43,4% 0,7L",
            "ItemPrice": "39,99€",
            "ItemUnit": "57,13€/l",
            "local_image_path": "Wein/ Spirituosen/Spirituosen/hendrick039s_neptunia_gin_434_07l.jpg"
          },
          {
            "image_urls": [
              "https://www.edeka24.de/out/pictures/generated/product/1/224_224_90/botanist_islay-gin.jpg"
            ],
            "ItemTitle": "The Botanist Islay Dry Gin 46% 0,7L",
            "ItemPrice": "36,99€",
            "ItemUnit": "52,84€/l",
            "local_image_path": "Wein/ Spirituosen/Spirituosen/botanist_islay-gin.jpg"
          },
          {
            "image_urls": [
              "https://www.edeka24.de/out/pictures/generated/product/1/224_224_90/johnnie_walker_aged_18_blended_scotch_whisky_40_07l.jpg"
            ],
            "ItemTitle": "Johnnie Walker Whisky 18 Jahre 40% GP 0,7L",
            "ItemPrice": "66,99€",
            "ItemUnit": "95,70€/l",
            "local_image_path": "Wein/ Spirituosen/Spirituosen/johnnie_walker_aged_18_blended_scotch_whisky_40_07l.jpg"
          },
          {
            "image_urls": [
              "https://www.edeka24.de/out/pictures/generated/product/1/224_224_90/glenmoquintaruban.jpg"
            ],
            "ItemTitle": "Glenmorangie Whisky Quinta Ruban 46% GP 0,7L",
            "ItemPrice": "64,99€",
            "ItemUnit": "92,84€/l",
            "local_image_path": "Wein/ Spirituosen/Spirituosen/glenmoquintaruban.jpg"
          },
          {
            "image_urls": [
              "https://www.edeka24.de/out/pictures/generated/product/1/224_224_90/hennessy_cognac_vsop_40_07l.jpg"
            ],
            "ItemTitle": "Hennessy Cognac VSOP 40% 0,7L",
            "ItemPrice": "63,99€",
            "ItemUnit": "91,41€/l",
            "local_image_path": "Wein/ Spirituosen/Spirituosen/hennessy_cognac_vsop_40_07l.jpg"
          },
          {
            "image_urls": [
              "https://www.edeka24.de/out/pictures/generated/product/1/224_224_90/knut_hansen_dry_gin_42_05l.jpg"
            ],
            "ItemTitle": "Knut Hansen Dry Gin 42% 0,5L",
            "ItemPrice": "35,99€",
            "ItemUnit": "71,98€/l",
            "local_image_path": "Wein/ Spirituosen/Spirituosen/knut_hansen_dry_gin_42_05l.jpg"
          },
          {
            "image_urls": [
              "https://www.edeka24.de/out/pictures/generated/product/1/224_224_90/edinburgh_gin_seaside_43_07l.jpg"
            ],
            "ItemTitle": "Edinburgh Gin Seaside 43% 0,7L",
            "ItemPrice": "36,99€",
            "ItemUnit": "52,84€/l",
            "local_image_path": "Wein/ Spirituosen/Spirituosen/edinburgh_gin_seaside_43_07l.jpg"
          },
          {
            "image_urls": [
              "https://www.edeka24.de/out/pictures/generated/product/1/224_224_90/centenario_rum_12_gran_legado_40_07l.jpg"
            ],
            "ItemTitle": "Ron Centenario Rum 12 Gran Legado 40% 0,7L",
            "ItemPrice": "33,99€",
            "ItemUnit": "48,56€/l",
            "local_image_path": "Wein/ Spirituosen/Spirituosen/centenario_rum_12_gran_legado_40_07l.jpg"
          },
          {
            "image_urls": [
              "https://www.edeka24.de/out/pictures/generated/product/1/224_224_90/jameson_select_reserve_black_barrel_40_gp_07l.jpg"
            ],
            "ItemTitle": "Jameson Whiskey Select Reserve Black Barrel 40% GP 0,7L",
            "ItemPrice": "34,99€",
            "ItemUnit": "49,99€/l",
            "local_image_path": "Wein/ Spirituosen/Spirituosen/jameson_select_reserve_black_barrel_40_gp_07l.jpg"
          },
          {
            "image_urls": [
              "https://www.edeka24.de/out/pictures/generated/product/1/224_224_90/bumbuxo.jpg"
            ],
            "ItemTitle": "Bumbu Rum X.O. 40% 0,7L",
            "ItemPrice": "37,99€",
            "ItemUnit": "54,27€/l",
            "local_image_path": "Wein/ Spirituosen/Spirituosen/bumbuxo.jpg"
          },
          {
            "image_urls": [
              "https://www.edeka24.de/out/pictures/generated/product/1/224_224_90/carlos_iimperial_40_gp_07l.jpg"
            ],
            "ItemTitle": "Carlos I Imperial 40% GP 0,7L",
            "ItemPrice": "45,99€",
            "ItemUnit": "65,70€/l",
            "local_image_path": "Wein/ Spirituosen/Spirituosen/carlos_iimperial_40_gp_07l.jpg"
          },
          {
            "image_urls": [
              "https://www.edeka24.de/out/pictures/generated/product/1/224_224_90/jurarumcask.jpg"
            ],
            "ItemTitle": "Jura Whisky Rum Cask Finish 40% 0,7L",
            "ItemPrice": "31,99€",
            "ItemUnit": "45,70€/l",
            "local_image_path": "Wein/ Spirituosen/Spirituosen/jurarumcask.jpg"
          },
          {
            "image_urls": [
              "https://www.edeka24.de/out/pictures/generated/product/1/224_224_90/lindampamplime_london_dry_gin_44_07l.jpg"
            ],
            "ItemTitle": "Lind & Lime Dry Gin 44% 0,7L",
            "ItemPrice": "40,99€",
            "ItemUnit": "58,56€/l",
            "local_image_path": "Wein/ Spirituosen/Spirituosen/lindampamplime_london_dry_gin_44_07l.jpg"
          },
          {
            "image_urls": [
              "https://www.edeka24.de/out/pictures/generated/product/1/224_224_90/glengoyne_single_malt_highland_whisky_10y_40_07l.jpg"
            ],
            "ItemTitle": "Glengoyne Whisky 10 Jahre 40% 0,7L",
            "ItemPrice": "41,99€",
            "ItemUnit": "59,99€/l",
            "local_image_path": "Wein/ Spirituosen/Spirituosen/glengoyne_single_malt_highland_whisky_10y_40_07l.jpg"
          },
          {
            "image_urls": [
              "https://www.edeka24.de/out/pictures/generated/product/1/224_224_90/highland_journey_hunter_laingblended_malt_46_07l.jpg"
            ],
            "ItemTitle": "Hunter Laing Whisky Highland Journey 46% 0,7L",
            "ItemPrice": "35,99€",
            "ItemUnit": "51,41€/l",
            "local_image_path": "Wein/ Spirituosen/Spirituosen/highland_journey_hunter_laingblended_malt_46_07l.jpg"
          },
          {
            "image_urls": [
              "https://www.edeka24.de/out/pictures/generated/product/1/224_224_90/goldgin.jpg"
            ],
            "ItemTitle": "Gold Gin 40% 0,7L",
            "ItemPrice": "34,99€",
            "ItemUnit": "49,99€/l",
            "local_image_path": "Wein/ Spirituosen/Spirituosen/highland_park_18_jahre_single_malt_whisky.jpg"
          },
          {
            "image_urls": [
              "https://www.edeka24.de/out/pictures/generated/product/1/224_224_90/ramazzotti-aperitivo-rosato-70cl.jpg"
            ],
            "ItemTitle": "Ramazzotti Aperitivo Rosato 0,7L",
            "ItemPrice": "14,99€",
            "ItemUnit": "21,41€/l",
            "local_image_path": "Wein/ Spirituosen/Spirituosen/highland_park_18_jahre_single_malt_whisky.jpg"
          },
          {
            "image_urls": [
              "https://www.edeka24.de/out/pictures/generated/product/1/224_224_90/belvedere_vodka_07l.jpg"
            ],
            "ItemTitle": "Belvedere Vodka 40% 0,7L",
            "ItemPrice": "45,99€",
            "ItemUnit": "65,70€/l",
            "local_image_path": "Wein/ Spirituosen/Spirituosen/highland_park_18_jahre_single_malt_whisky.jpg"
          },
          {
            "image_urls": [
              "https://www.edeka24.de/out/pictures/generated/product/1/224_224_90/glenmorangie_single_malt_whisky_nectar_d039or_46_gp_07l.jpg"
            ],
            "ItemTitle": "Glenmorangie Whisky Nectar d'Or 46% GP 0,7L",
            "ItemPrice": "68,99€",
            "ItemUnit": "98,56€/l",
            "local_image_path": "Wein/ Spirituosen/Spirituosen/highland_park_18_jahre_single_malt_whisky.jpg"
          },
          {
            "image_urls": [
              "https://www.edeka24.de/out/pictures/generated/product/1/224_224_90/oldpulteneyhuddart.jpg"
            ],
            "ItemTitle": "Old Pulteney Whisky Huddart 46% 0,7L",
            "ItemPrice": "48,99€",
            "ItemUnit": "69,99€/l",
            "local_image_path": "Wein/ Spirituosen/Spirituosen/highland_park_18_jahre_single_malt_whisky.jpg"
          },
          {
            "image_urls": [
              "https://www.edeka24.de/out/pictures/generated/product/1/224_224_90/el_ron_prohibido_rum_40_07l.jpg"
            ],
            "ItemTitle": "El Ron Prohibido Rum 40% 0,7L",
            "ItemPrice": "27,99€",
            "ItemUnit": "39,99€/l",
            "local_image_path": "Wein/ Spirituosen/Spirituosen/highland_park_18_jahre_single_malt_whisky.jpg"
          },
          {
            "image_urls": [
              "https://www.edeka24.de/out/pictures/generated/product/1/224_224_90/averna_italienischer_kruterbitter_07l.jpg"
            ],
            "ItemTitle": "Averna italienischer Kräuterbitter 0,7L",
            "ItemPrice": "13,99€",
            "ItemUnit": "19,99€/l",
            "local_image_path": "Wein/ Spirituosen/Spirituosen/highland_park_18_jahre_single_malt_whisky.jpg"
          },
          {
            "image_urls": [
              "https://www.edeka24.de/out/pictures/generated/product/1/224_224_90/heimat_gin_43_05l.jpg"
            ],
            "ItemTitle": "Heimat Gin 43% 0,5L",
            "ItemPrice": "34,99€",
            "ItemUnit": "69,98€/l",
            "local_image_path": "Wein/ Spirituosen/Spirituosen/highland_park_18_jahre_single_malt_whisky.jpg"
          },
          {
            "image_urls": [
              "https://www.edeka24.de/out/pictures/generated/product/1/224_224_90/plantation_rum_barbados_xo_40_07l.jpg"
            ],
            "ItemTitle": "Plantation Rum Barbados XO 40% 0,7L",
            "ItemPrice": "44,99€",
            "ItemUnit": "64,27€/l",
            "local_image_path": "Wein/ Spirituosen/Spirituosen/highland_park_18_jahre_single_malt_whisky.jpg"
          },
          {
            "image_urls": [
              "https://www.edeka24.de/out/pictures/generated/product/1/224_224_90/glenfarclas_15_years_old_whisky_mit_2_miniaturen_geschenkpackung_46_08l.jpg"
            ],
            "ItemTitle": "Glenfarclas Whisky mit 2 Miniaturen 15 Jahre 46% GP 0,8L",
            "ItemPrice": "75,99€",
            "ItemUnit": "94,99€/l",
            "local_image_path": "Wein/ Spirituosen/Spirituosen/highland_park_18_jahre_single_malt_whisky.jpg"
          },
          {
            "image_urls": [
              "https://www.edeka24.de/out/pictures/generated/product/1/224_224_90/talisker_whisky_18_jahre_458_07l.jpg"
            ],
            "ItemTitle": "Talisker Whisky 18 Jahre 45,8% 0,7L",
            "ItemPrice": "205,00€",
            "ItemUnit": "292,86€/l",
            "local_image_path": "Wein/ Spirituosen/Spirituosen/highland_park_18_jahre_single_malt_whisky.jpg"
          },
          {
            "image_urls": [
              "https://www.edeka24.de/out/pictures/generated/product/1/224_224_90/aberlour-double-cask-12-jahre.jpg"
            ],
            "ItemTitle": "Aberlour Whisky 12 Jahre Double Cask 40% 0,7L",
            "ItemPrice": "41,99€",
            "ItemUnit": "59,99€/l",
            "local_image_path": "Wein/ Spirituosen/Spirituosen/highland_park_18_jahre_single_malt_whisky.jpg"
          },
          {
            "image_urls": [
              "https://www.edeka24.de/out/pictures/generated/product/1/224_224_90/the_glenlivet_malt_15_jahre_40_gp_07l.jpg"
            ],
            "ItemTitle": "The Glenlivet Whisky 15 Jahre 40% GP 0,7L",
            "ItemPrice": "46,99€",
            "ItemUnit": "67,13€/l",
            "local_image_path": "Wein/ Spirituosen/Spirituosen/highland_park_18_jahre_single_malt_whisky.jpg"
          },
          {
            "image_urls": [
              "https://www.edeka24.de/out/pictures/generated/product/1/224_224_90/ziegler_williamsbrand_43_05l.jpg"
            ],
            "ItemTitle": "Ziegler Williamsbrand 43% 0,5L",
            "ItemPrice": "60,99€",
            "ItemUnit": "121,98€/l",
            "local_image_path": "Wein/ Spirituosen/Spirituosen/highland_park_18_jahre_single_malt_whisky.jpg"
          },
          {
            "image_urls": [
              "https://www.edeka24.de/out/pictures/generated/product/1/224_224_90/suntory_the_chita_43_07l.jpg"
            ],
            "ItemTitle": "Suntory Whisky The Chita 43% 0,7L",
            "ItemPrice": "49,99€",
            "ItemUnit": "71,41€/l",
            "local_image_path": "Wein/ Spirituosen/Spirituosen/highland_park_18_jahre_single_malt_whisky.jpg"
          },
          {
            "image_urls": [
              "https://www.edeka24.de/out/pictures/generated/product/1/224_224_90/shinginreptile.jpg"
            ],
            "ItemTitle": "Skin Gin Reptile Brown 42% 0,5L",
            "ItemPrice": "40,99€",
            "ItemUnit": "81,98€/l",
            "local_image_path": "Wein/ Spirituosen/Spirituosen/highland_park_18_jahre_single_malt_whisky.jpg"
          },
          {
            "image_urls": [
              "https://www.edeka24.de/out/pictures/generated/product/1/224_224_90/slyrsbairishcoffee.jpg"
            ],
            "ItemTitle": "Slyrs Bairish Coffee Liqueur 28% 0,5L",
            "ItemPrice": "33,99€",
            "ItemUnit": "67,98€/l",
            "local_image_path": "Wein/ Spirituosen/Spirituosen/highland_park_18_jahre_single_malt_whisky.jpg"
          },
          {
            "image_urls": [
              "https://www.edeka24.de/out/pictures/generated/product/1/224_224_90/wikinger_met_honigwein_rot_mit_kirschsaft_im_tonkrug.jpg"
            ],
            "ItemTitle": "Wikinger Met Rot im Tonkrug mit Kirschsaft 0,5L",
            "ItemPrice": "7,49€",
            "ItemUnit": "14,98€/l",
            "local_image_path": "Wein/ Spirituosen/Spirituosen/highland_park_18_jahre_single_malt_whisky.jpg"
          },
          {
            "image_urls": [
              "https://www.edeka24.de/out/pictures/generated/product/1/224_224_90/fies_edition_baden_granatapfel_likr_05l.jpg"
            ],
            "ItemTitle": "Fies Edition Baden Granatapfel Likör 0,5L",
            "ItemPrice": "9,49€",
            "ItemUnit": "18,98€/l",
            "local_image_path": "Wein/ Spirituosen/Spirituosen/highland_park_18_jahre_single_malt_whisky.jpg"
          },
          {
            "image_urls": [
              "https://www.edeka24.de/out/pictures/generated/product/1/224_224_90/gg12y.jpg"
            ],
            "ItemTitle": "Glen Grant Whisky 12 Jahre 43% 0,7L",
            "ItemPrice": "34,99€",
            "ItemUnit": "49,99€/l",
            "local_image_path": "Wein/ Spirituosen/Spirituosen/highland_park_18_jahre_single_malt_whisky.jpg"
          },
          {
            "image_urls": [
              "https://www.edeka24.de/out/pictures/generated/product/1/224_224_90/jack_daniels_single_barrel_rye_45_07l.jpg"
            ],
            "ItemTitle": "Jack Daniel's Rye Single Barrel 45% 0,7L",
            "ItemPrice": "43,99€",
            "ItemUnit": "62,84€/l",
            "local_image_path": "Wein/ Spirituosen/Spirituosen/highland_park_18_jahre_single_malt_whisky.jpg"
          },
          {
            "image_urls": [
              "https://www.edeka24.de/out/pictures/generated/product/1/224_224_90/ottovermouthrose.jpg"
            ],
            "ItemTitle": "Otto996 Vermouth Rose 0,75L",
            "ItemPrice": "20,99€",
            "ItemUnit": "27,99€/l",
            "local_image_path": "Wein/ Spirituosen/Spirituosen/highland_park_18_jahre_single_malt_whisky.jpg"
          },
          {
            "image_urls": [
              "https://www.edeka24.de/out/pictures/generated/product/1/224_224_90/oldpulteney12.jpg"
            ],
            "ItemTitle": "Old Pulteney Whisky 12 Jahre 40% 0,7L",
            "ItemPrice": "35,99€",
            "ItemUnit": "51,41€/l",
            "local_image_path": "Wein/ Spirituosen/Spirituosen/highland_park_18_jahre_single_malt_whisky.jpg"
          },
          {
            "image_urls": [
              "https://www.edeka24.de/out/pictures/generated/product/1/224_224_90/larsenaquaignis.jpg"
            ],
            "ItemTitle": "Larsen Cognac Aqua Ignis 42,3% 0,7L",
            "ItemPrice": "38,99€",
            "ItemUnit": "55,70€/l",
            "local_image_path": "Wein/ Spirituosen/Spirituosen/highland_park_18_jahre_single_malt_whisky.jpg"
          },
          {
            "image_urls": [
              "https://www.edeka24.de/out/pictures/generated/product/1/224_224_90/slyrsrye.jpg"
            ],
            "ItemTitle": "Slyrs Rye Whisky 41% 0,7L",
            "ItemPrice": "49,99€",
            "ItemUnit": "71,41€/l",
            "local_image_path": "Wein/ Spirituosen/Spirituosen/highland_park_18_jahre_single_malt_whisky.jpg"
          },
          {
            "image_urls": [
              "https://www.edeka24.de/out/pictures/generated/product/1/224_224_90/malfy-zitrone.jpg"
            ],
            "ItemTitle": "Malfy Gin con Limone 41% 0,7L",
            "ItemPrice": "30,99€",
            "ItemUnit": "44,27€/l",
            "local_image_path": "Wein/ Spirituosen/Spirituosen/highland_park_18_jahre_single_malt_whisky.jpg"
          },
          {
            "image_urls": [
              "https://www.edeka24.de/out/pictures/generated/product/1/224_224_90/aberlour16.jpg"
            ],
            "ItemTitle": "Aberlour Whisky 16 Jahre 40% GP 0,7L",
            "ItemPrice": "79,99€",
            "ItemUnit": "114,27€/l",
            "local_image_path": "Wein/ Spirituosen/Spirituosen/highland_park_18_jahre_single_malt_whisky.jpg"
          },
          {
            "image_urls": [
              "https://www.edeka24.de/out/pictures/generated/product/1/224_224_90/tonka_gin_47_05l.jpg"
            ],
            "ItemTitle": "Tonka Gin 47% 0,5L",
            "ItemPrice": "34,99€",
            "ItemUnit": "69,98€/l",
            "local_image_path": "Wein/ Spirituosen/Spirituosen/highland_park_18_jahre_single_malt_whisky.jpg"
          },
          {
            "image_urls": [
              "https://www.edeka24.de/out/pictures/generated/product/1/224_224_90/bombay_sapphire_london_dry_gin_07l.jpg"
            ],
            "ItemTitle": "Bombay Sapphire London Dry Gin 0,7L",
            "ItemPrice": "23,49€",
            "ItemUnit": "33,56€/l",
            "local_image_path": "Wein/ Spirituosen/Spirituosen/highland_park_18_jahre_single_malt_whisky.jpg"
          },
          {
            "image_urls": [
              "https://www.edeka24.de/out/pictures/generated/product/1/224_224_90/steinhauser_gletscherwasserlikamp246r_16_05l.jpg"
            ],
            "ItemTitle": "Steinhauser Gletscherwasser 0,5L",
            "ItemPrice": "12,99€",
            "ItemUnit": "25,98€/l",
            "local_image_path": "Wein/ Spirituosen/Spirituosen/highland_park_18_jahre_single_malt_whisky.jpg"
          },
          {
            "image_urls": [
              "https://www.edeka24.de/out/pictures/generated/product/1/224_224_90/prinz_alte_haselnuss_41_05l.jpg"
            ],
            "ItemTitle": "Prinz Alte Haselnuss 0,5L",
            "ItemPrice": "22,99€",
            "ItemUnit": "45,98€/l",
            "local_image_path": "Wein/ Spirituosen/Spirituosen/highland_park_18_jahre_single_malt_whisky.jpg"
          },
          {
            "image_urls": [
              "https://www.edeka24.de/out/pictures/generated/product/1/224_224_90/highland_park_12_jahre_40_gp_07l.jpg"
            ],
            "ItemTitle": "Highland Park Whisky 12 Jahre 40% GP 0,7L",
            "ItemPrice": "39,99€",
            "ItemUnit": "57,13€/l",
            "local_image_path": "Wein/ Spirituosen/Spirituosen/highland_park_18_jahre_single_malt_whisky.jpg"
          },
          {
            "image_urls": [
              "https://www.edeka24.de/out/pictures/generated/product/1/224_224_90/sipsmithlondon_dry_gin_416_07l.jpg"
            ],
            "ItemTitle": "Sipsmith London Dry Gin 41,6% 0,7L",
            "ItemPrice": "29,99€",
            "ItemUnit": "42,84€/l",
            "local_image_path": "Wein/ Spirituosen/Spirituosen/highland_park_18_jahre_single_malt_whisky.jpg"
          },
          {
            "image_urls": [
              "https://www.edeka24.de/out/pictures/generated/product/1/224_224_90/fies_momentum_kirschbrand_1726_gp_50_07l.jpg"
            ],
            "ItemTitle": "Fies Kirschbrand Momentum 1726 50% GP 0,7L",
            "ItemPrice": "54,99€",
            "ItemUnit": "78,56€/l",
            "local_image_path": "Wein/ Spirituosen/Spirituosen/highland_park_18_jahre_single_malt_whisky.jpg"
          },
          {
            "image_urls": [
              "https://www.edeka24.de/out/pictures/generated/product/1/224_224_90/kilchoman_sanaig_scotch_whisky_46_07l.jpg"
            ],
            "ItemTitle": "Kilchoman Whisky Sanaig 46% 0,7L",
            "ItemPrice": "49,99€",
            "ItemUnit": "71,41€/l",
            "local_image_path": "Wein/ Spirituosen/Spirituosen/highland_park_18_jahre_single_malt_whisky.jpg"
          },
          {
            "image_urls": [
              "https://www.edeka24.de/out/pictures/generated/product/1/224_224_90/haymans_old_tom_gin_414_07l.jpg"
            ],
            "ItemTitle": "Hayman's Old Tom Gin 41,4% 0,7L",
            "ItemPrice": "27,49€",
            "ItemUnit": "39,27€/l",
            "local_image_path": "Wein/ Spirituosen/Spirituosen/highland_park_18_jahre_single_malt_whisky.jpg"
          },
          {
            "image_urls": [
              "https://www.edeka24.de/out/pictures/generated/product/1/224_224_90/jack_daniel039s_gentleman_jack_amp_cola_033l.jpg"
            ],
            "ItemTitle": "Jack Daniel's Gentleman Jack & Cola 0,33L",
            "ItemPrice": "3,59€",
            "ItemUnit": "10,88€/lzzgl.0,25€Pfand",
            "local_image_path": "Wein/ Spirituosen/Spirituosen/highland_park_18_jahre_single_malt_whisky.jpg"
          },
          {
            "image_urls": [
              "https://www.edeka24.de/out/pictures/generated/product/1/224_224_90/highlandqueenmajesty12jahre.jpg"
            ],
            "ItemTitle": "Highland Queen Majesty Single Malt Scotch Whisky 12 Jahre 0,7L",
            "ItemPrice": "32,99€",
            "ItemUnit": "47,13€/l",
            "local_image_path": "Wein/ Spirituosen/Spirituosen/highland_park_18_jahre_single_malt_whisky.jpg"
          },
          {
            "image_urls": [
              "https://www.edeka24.de/out/pictures/generated/product/1/224_224_90/jack_daniel039s_tennessee_whisky_3l.jpg"
            ],
            "ItemTitle": "Jack Daniel's Tennessee Whisky 3L",
            "ItemPrice": "96,00€",
            "ItemUnit": "32,00€/l",
            "local_image_path": "Wein/ Spirituosen/Spirituosen/highland_park_18_jahre_single_malt_whisky.jpg"
          },
          {
            "image_urls": [
              "https://www.edeka24.de/out/pictures/generated/product/1/224_224_90/finvara.jpg"
            ],
            "ItemTitle": "Finvara The Kings Gambit Irish Whiskey 43% 0,7L",
            "ItemPrice": "29,99€",
            "ItemUnit": "42,84€/l",
            "local_image_path": "Wein/ Spirituosen/Spirituosen/highland_park_18_jahre_single_malt_whisky.jpg"
          },
          {
            "image_urls": [
              "https://www.edeka24.de/out/pictures/generated/product/1/224_224_90/rumchata.jpg"
            ],
            "ItemTitle": "Rum Chata 0,7L",
            "ItemPrice": "16,99€",
            "ItemUnit": "24,27€/l",
            "local_image_path": "Wein/ Spirituosen/Spirituosen/highland_park_18_jahre_single_malt_whisky.jpg"
          },
          {
            "image_urls": [
              "https://www.edeka24.de/out/pictures/generated/product/1/224_224_90/razels_peanut_butter_rum_381_05l.jpg"
            ],
            "ItemTitle": "Razels Rum Peanut Butter 38,1% 0,5L",
            "ItemPrice": "25,99€",
            "ItemUnit": "51,98€/l",
            "local_image_path": "Wein/ Spirituosen/Spirituosen/highland_park_18_jahre_single_malt_whisky.jpg"
          },
          {
            "image_urls": [
              "https://www.edeka24.de/out/pictures/generated/product/1/224_224_90/eagle_rare_10_years_old_45_07l.jpg"
            ],
            "ItemTitle": "Eagle Rare Whisky 10 Jahre 45% 0,7L",
            "ItemPrice": "36,99€",
            "ItemUnit": "52,84€/l",
            "local_image_path": "Wein/ Spirituosen/Spirituosen/highland_park_18_jahre_single_malt_whisky.jpg"
          },
          {
            "image_urls": [
              "https://www.edeka24.de/out/pictures/generated/product/1/224_224_90/fies_momentum_quittenbrand_44_07l.jpg"
            ],
            "ItemTitle": "Fies Quittenbrand Momentum 44% 0,7L",
            "ItemPrice": "42,99€",
            "ItemUnit": "61,41€/l",
            "local_image_path": "Wein/ Spirituosen/Spirituosen/highland_park_18_jahre_single_malt_whisky.jpg"
          },
          {
            "image_urls": [
              "https://www.edeka24.de/out/pictures/generated/product/1/224_224_90/mermaidgin.jpg"
            ],
            "ItemTitle": "Mermaid Gin 42% 0,7L",
            "ItemPrice": "39,99€",
            "ItemUnit": "57,13€/l",
            "local_image_path": "Wein/ Spirituosen/Spirituosen/highland_park_18_jahre_single_malt_whisky.jpg"
          },
          {
            "image_urls": [
              "https://www.edeka24.de/out/pictures/generated/product/1/224_224_90/balblair15.jpg"
            ],
            "ItemTitle": "Balblair Whisky 15 Jahre 46% 0,7L",
            "ItemPrice": "91,99€",
            "ItemUnit": "131,41€/l",
            "local_image_path": "Wein/ Spirituosen/Spirituosen/highland_park_18_jahre_single_malt_whisky.jpg"
          },
          {
            "image_urls": [
              "https://www.edeka24.de/out/pictures/generated/product/1/224_224_90/jgermanifest.jpg"
            ],
            "ItemTitle": "Jägermeister Manifest 38% 0,5L",
            "ItemPrice": "23,99€",
            "ItemUnit": "47,98€/l",
            "local_image_path": "Wein/ Spirituosen/Spirituosen/highland_park_18_jahre_single_malt_whisky.jpg"
          },
          {
            "image_urls": [
              "https://www.edeka24.de/out/pictures/generated/product/1/224_224_90/tomatin12.jpg"
            ],
            "ItemTitle": "Tomatin Whisky 12 Jahre 43% 0,7L",
            "ItemPrice": "38,99€",
            "ItemUnit": "55,70€/l",
            "local_image_path": "Wein/ Spirituosen/Spirituosen/highland_park_18_jahre_single_malt_whisky.jpg"
          },
          {
            "image_urls": [
              "https://www.edeka24.de/out/pictures/generated/product/1/224_224_90/razels_choco_brownie_rum_381_05l.jpg"
            ],
            "ItemTitle": "Razel's Rum Choco Brownie 38,1% 0,5L",
            "ItemPrice": "25,99€",
            "ItemUnit": "51,98€/l",
            "local_image_path": "Wein/ Spirituosen/Spirituosen/highland_park_18_jahre_single_malt_whisky.jpg"
          },
          {
            "image_urls": [
              "https://www.edeka24.de/out/pictures/generated/product/1/224_224_90/martini-rosso-2017.jpg"
            ],
            "ItemTitle": "Martini Rosso 0,75L",
            "ItemPrice": "9,49€",
            "ItemUnit": "12,65€/l",
            "local_image_path": "Wein/ Spirituosen/Spirituosen/highland_park_18_jahre_single_malt_whisky.jpg"
          },
          {
            "image_urls": [
              "https://www.edeka24.de/out/pictures/generated/product/1/224_224_90/sibonagrappadibarolo.jpg"
            ],
            "ItemTitle": "Sibona Grappa di Barolo 0,5L",
            "ItemPrice": "22,99€",
            "ItemUnit": "45,98€/l",
            "local_image_path": "Wein/ Spirituosen/Spirituosen/highland_park_18_jahre_single_malt_whisky.jpg"
          },
          {
            "image_urls": [
              "https://www.edeka24.de/out/pictures/generated/product/1/224_224_90/francoli-sorsi-di-riserca-nebbiolo-da-barolo-barrique.jpg"
            ],
            "ItemTitle": "Luigi Francoli Grappa Riserva Nebbiolo da Barolo Barrique 0,7 ltr",
            "ItemSalePrice": "24,99€",
            "ItemUnit": "35,70€/l",
            "local_image_path": "Wein/ Spirituosen/Spirituosen/highland_park_18_jahre_single_malt_whisky.jpg"
          },
          {
            "image_urls": [
              "https://www.edeka24.de/out/pictures/generated/product/1/224_224_90/gin_sul_hamburg_dry_gin_43_05l.jpg"
            ],
            "ItemTitle": "Gin Sul Hamburg Dry Gin 43% 0,5L",
            "ItemPrice": "36,99€",
            "ItemUnit": "73,98€/l",
            "local_image_path": "Wein/ Spirituosen/Spirituosen/highland_park_18_jahre_single_malt_whisky.jpg"
          },
          {
            "image_urls": [
              "https://www.edeka24.de/out/pictures/generated/product/1/224_224_90/obanlittlebay.jpg"
            ],
            "ItemTitle": "Oban Whisky Little Bay 43% 0,7L",
            "ItemPrice": "59,99€",
            "ItemUnit": "85,70€/l",
            "local_image_path": "Wein/ Spirituosen/Spirituosen/highland_park_18_jahre_single_malt_whisky.jpg"
          },
          {
            "image_urls": [
              "https://www.edeka24.de/out/pictures/generated/product/1/224_224_90/wikingermethanf.jpg"
            ],
            "ItemTitle": "Wikinger Met mit Hanf naturtrüb 0,75L",
            "ItemPrice": "5,99€",
            "ItemUnit": "7,99€/l",
            "local_image_path": "Wein/ Spirituosen/Spirituosen/wikingermethanf.jpg"
          },
          {
            "image_urls": [
              "https://www.edeka24.de/out/pictures/generated/product/1/224_224_90/prinz_alte_wald_himbeere_41_05l.jpg"
            ],
            "ItemTitle": "Prinz Alte Wald Himbeere 0,5L",
            "ItemPrice": "20,99€",
            "ItemUnit": "41,98€/l",
            "local_image_path": "Wein/ Spirituosen/Spirituosen/highland_park_18_jahre_single_malt_whisky.jpg"
          },
          {
            "image_urls": [
              "https://www.edeka24.de/out/pictures/generated/product/1/224_224_90/cellini_grappa_cru_07l.jpg"
            ],
            "ItemTitle": "Cellini Grappa Cru 0,7L",
            "ItemPrice": "12,99€",
            "ItemUnit": "18,56€/l",
            "local_image_path": "Wein/ Spirituosen/Spirituosen/highland_park_18_jahre_single_malt_whisky.jpg"
          },
          {
            "image_urls": [
              "https://www.edeka24.de/out/pictures/generated/product/1/224_224_90/kuemmerling_kruterlikr.jpg"
            ],
            "ItemTitle": "Kuemmerling Kräuterlikör 0,5L",
            "ItemPrice": "8,99€",
            "ItemUnit": "17,98€/l",
            "local_image_path": "Wein/ Spirituosen/Spirituosen/highland_park_18_jahre_single_malt_whisky.jpg"
          },
          {
            "image_urls": [
              "https://www.edeka24.de/out/pictures/generated/product/1/224_224_90/jgermeister-kruterlikr-035.jpg"
            ],
            "ItemTitle": "Jägermeister Kräuterlikör 0,35L",
            "ItemPrice": "7,79€",
            "ItemUnit": "22,26€/l",
            "local_image_path": "Wein/ Spirituosen/Spirituosen/highland_park_18_jahre_single_malt_whisky.jpg"
          },
          {
            "image_urls": [
              "https://www.edeka24.de/out/pictures/generated/product/1/224_224_90/-4062400123525_iq.jpg"
            ],
            "ItemTitle": "Papidoux Fine Calvados 0,7L",
            "ItemPrice": "16,99€",
            "ItemUnit": "24,27€/l",
            "local_image_path": "Wein/ Spirituosen/Spirituosen/highland_park_18_jahre_single_malt_whisky.jpg"
          },
          {
            "image_urls": [
              "https://www.edeka24.de/out/pictures/generated/product/1/224_224_90/weisteufel.jpg"
            ],
            "ItemTitle": "Weis Offenburger Teufel Kräuterlikör 0,5L",
            "ItemPrice": "13,99€",
            "ItemUnit": "27,98€/l",
            "local_image_path": "Wein/ Spirituosen/Spirituosen/highland_park_18_jahre_single_malt_whisky.jpg"
          },
          {
            "image_urls": [
              "https://www.edeka24.de/out/pictures/generated/product/1/224_224_90/roner-williams-brand-550.jpg"
            ],
            "ItemTitle": "Roner Williams-Brand 0,7L",
            "ItemPrice": "23,99€",
            "ItemUnit": "34,27€/l",
            "local_image_path": "Wein/ Spirituosen/Spirituosen/highland_park_18_jahre_single_malt_whisky.jpg"
          },
          {
            "image_urls": [
              "https://www.edeka24.de/out/pictures/generated/product/1/224_224_90/wikinger-met_honigwein.jpg"
            ],
            "ItemTitle": "Wikinger Met Honigwein im Tonkrug 0,5L",
            "ItemPrice": "7,49€",
            "ItemUnit": "14,98€/l",
            "local_image_path": "Wein/ Spirituosen/Spirituosen/highland_park_18_jahre_single_malt_whisky.jpg"
          },
          {
            "image_urls": [
              "https://www.edeka24.de/out/pictures/generated/product/1/224_224_90/maker039s_mark_bourbon_whisky_45_07l.jpg"
            ],
            "ItemTitle": "Maker's Mark Bourbon Whisky 45% 0,7L",
            "ItemPrice": "25,99€",
            "ItemUnit": "37,13€/l",
            "local_image_path": "Wein/ Spirituosen/Spirituosen/highland_park_18_jahre_single_malt_whisky.jpg"
          },
          {
            "image_urls": [
              "https://www.edeka24.de/out/pictures/generated/product/1/224_224_90/fies_select_klar_zwetschgenwasser.jpg"
            ],
            "ItemTitle": "Fies Select Zwetschgenwasser 0,7L",
            "ItemPrice": "11,99€",
            "ItemUnit": "17,13€/l",
            "local_image_path": "Wein/ Spirituosen/Spirituosen/highland_park_18_jahre_single_malt_whisky.jpg"
          },
          {
            "image_urls": [
              "https://www.edeka24.de/out/pictures/generated/product/1/224_224_90/haymans_old_tom_gin_414_07l.jpg"
            ],
            "ItemTitle": "Hayman's Old Tom Gin 41,4% 0,7L",
            "ItemPrice": "27,49€",
            "ItemUnit": "39,27€/l",
            "local_image_path": "Wein/ Spirituosen/Spirituosen/highland_park_18_jahre_single_malt_whisky.jpg"
          },
          {
            "image_urls": [
              "https://www.edeka24.de/out/pictures/generated/product/1/224_224_90/jack_daniel039s_gentleman_jack_amp_cola_033l.jpg"
            ],
            "ItemTitle": "Jack Daniel's Gentleman Jack & Cola 0,33L",
            "ItemPrice": "3,59€",
            "ItemUnit": "10,88€/lzzgl.0,25€Pfand",
            "local_image_path": "Wein/ Spirituosen/Spirituosen/highland_park_18_jahre_single_malt_whisky.jpg"
          },
          {
            "image_urls": [
              "https://www.edeka24.de/out/pictures/generated/product/1/224_224_90/highlandqueenmajesty12jahre.jpg"
            ],
            "ItemTitle": "Highland Queen Majesty Single Malt Scotch Whisky 12 Jahre 0,7L",
            "ItemPrice": "32,99€",
            "ItemUnit": "47,13€/l",
            "local_image_path": "Wein/ Spirituosen/Spirituosen/highland_park_18_jahre_single_malt_whisky.jpg"
          },
          {
            "image_urls": [
              "https://www.edeka24.de/out/pictures/generated/product/1/224_224_90/jack_daniel039s_tennessee_whisky_3l.jpg"
            ],
            "ItemTitle": "Jack Daniel's Tennessee Whisky 3L",
            "ItemPrice": "96,00€",
            "ItemUnit": "32,00€/l",
            "local_image_path": "Wein/ Spirituosen/Spirituosen/highland_park_18_jahre_single_malt_whisky.jpg"
          },
          {
            "image_urls": [
              "https://www.edeka24.de/out/pictures/generated/product/1/224_224_90/finvara.jpg"
            ],
            "ItemTitle": "Finvara The Kings Gambit Irish Whiskey 43% 0,7L",
            "ItemPrice": "29,99€",
            "ItemUnit": "42,84€/l",
            "local_image_path": "Wein/ Spirituosen/Spirituosen/highland_park_18_jahre_single_malt_whisky.jpg"
          },
          {
            "image_urls": [
              "https://www.edeka24.de/out/pictures/generated/product/1/224_224_90/rumchata.jpg"
            ],
            "ItemTitle": "Rum Chata 0,7L",
            "ItemPrice": "16,99€",
            "ItemUnit": "24,27€/l",
            "local_image_path": "Wein/ Spirituosen/Spirituosen/highland_park_18_jahre_single_malt_whisky.jpg"
          },
          {
            "image_urls": [
              "https://www.edeka24.de/out/pictures/generated/product/1/224_224_90/razels_peanut_butter_rum_381_05l.jpg"
            ],
            "ItemTitle": "Razels Rum Peanut Butter 38,1% 0,5L",
            "ItemPrice": "25,99€",
            "ItemUnit": "51,98€/l",
            "local_image_path": "Wein/ Spirituosen/Spirituosen/highland_park_18_jahre_single_malt_whisky.jpg"
          },
          {
            "image_urls": [
              "https://www.edeka24.de/out/pictures/generated/product/1/224_224_90/eagle_rare_10_years_old_45_07l.jpg"
            ],
            "ItemTitle": "Eagle Rare Whisky 10 Jahre 45% 0,7L",
            "ItemPrice": "36,99€",
            "ItemUnit": "52,84€/l",
            "local_image_path": "Wein/ Spirituosen/Spirituosen/highland_park_18_jahre_single_malt_whisky.jpg"
          },
          {
            "image_urls": [
              "https://www.edeka24.de/out/pictures/generated/product/1/224_224_90/fies_momentum_quittenbrand_44_07l.jpg"
            ],
            "ItemTitle": "Fies Quittenbrand Momentum 44% 0,7L",
            "ItemPrice": "42,99€",
            "ItemUnit": "61,41€/l",
            "local_image_path": "Wein/ Spirituosen/Spirituosen/highland_park_18_jahre_single_malt_whisky.jpg"
          },
          {
            "image_urls": [
              "https://www.edeka24.de/out/pictures/generated/product/1/224_224_90/mermaidgin.jpg"
            ],
            "ItemTitle": "Mermaid Gin 42% 0,7L",
            "ItemPrice": "39,99€",
            "ItemUnit": "57,13€/l",
            "local_image_path": "Wein/ Spirituosen/Spirituosen/highland_park_18_jahre_single_malt_whisky.jpg"
          },
          {
            "image_urls": [
              "https://www.edeka24.de/out/pictures/generated/product/1/224_224_90/balblair15.jpg"
            ],
            "ItemTitle": "Balblair Whisky 15 Jahre 46% 0,7L",
            "ItemPrice": "91,99€",
            "ItemUnit": "131,41€/l",
            "local_image_path": "Wein/ Spirituosen/Spirituosen/highland_park_18_jahre_single_malt_whisky.jpg"
          },
          {
            "image_urls": [
              "https://www.edeka24.de/out/pictures/generated/product/1/224_224_90/jgermanifest.jpg"
            ],
            "ItemTitle": "Jägermeister Manifest 38% 0,5L",
            "ItemPrice": "23,99€",
            "ItemUnit": "47,98€/l",
            "local_image_path": "Wein/ Spirituosen/Spirituosen/highland_park_18_jahre_single_malt_whisky.jpg"
          },
          {
            "image_urls": [
              "https://www.edeka24.de/out/pictures/generated/product/1/224_224_90/tomatin12.jpg"
            ],
            "ItemTitle": "Tomatin Whisky 12 Jahre 43% 0,7L",
            "ItemPrice": "38,99€",
            "ItemUnit": "55,70€/l",
            "local_image_path": "Wein/ Spirituosen/Spirituosen/highland_park_18_jahre_single_malt_whisky.jpg"
          },
          {
            "image_urls": [
              "https://www.edeka24.de/out/pictures/generated/product/1/224_224_90/razels_choco_brownie_rum_381_05l.jpg"
            ],
            "ItemTitle": "Razel's Rum Choco Brownie 38,1% 0,5L",
            "ItemPrice": "25,99€",
            "ItemUnit": "51,98€/l",
            "local_image_path": "Wein/ Spirituosen/Spirituosen/highland_park_18_jahre_single_malt_whisky.jpg"
          },
          {
            "image_urls": [
              "https://www.edeka24.de/out/pictures/generated/product/1/224_224_90/martini-rosso-2017.jpg"
            ],
            "ItemTitle": "Martini Rosso 0,75L",
            "ItemPrice": "9,49€",
            "ItemUnit": "12,65€/l",
            "local_image_path": "Wein/ Spirituosen/Spirituosen/highland_park_18_jahre_single_malt_whisky.jpg"
          },
          {
            "image_urls": [
              "https://www.edeka24.de/out/pictures/generated/product/1/224_224_90/sibonagrappadibarolo.jpg"
            ],
            "ItemTitle": "Sibona Grappa di Barolo 0,5L",
            "ItemPrice": "22,99€",
            "ItemUnit": "45,98€/l",
            "local_image_path": "Wein/ Spirituosen/Spirituosen/highland_park_18_jahre_single_malt_whisky.jpg"
          },
          {
            "image_urls": [
              "https://www.edeka24.de/out/pictures/generated/product/1/224_224_90/francoli-sorsi-di-riserca-nebbiolo-da-barolo-barrique.jpg"
            ],
            "ItemTitle": "Luigi Francoli Grappa Riserva Nebbiolo da Barolo Barrique 0,7 ltr",
            "ItemSalePrice": "24,99€",
            "ItemUnit": "35,70€/l",
            "local_image_path": "Wein/ Spirituosen/Spirituosen/highland_park_18_jahre_single_malt_whisky.jpg"
          },
          {
            "image_urls": [
              "https://www.edeka24.de/out/pictures/generated/product/1/224_224_90/gin_sul_hamburg_dry_gin_43_05l.jpg"
            ],
            "ItemTitle": "Gin Sul Hamburg Dry Gin 43% 0,5L",
            "ItemPrice": "36,99€",
            "ItemUnit": "73,98€/l",
            "local_image_path": "Wein/ Spirituosen/Spirituosen/highland_park_18_jahre_single_malt_whisky.jpg"
          },
          {
            "image_urls": [
              "https://www.edeka24.de/out/pictures/generated/product/1/224_224_90/obanlittlebay.jpg"
            ],
            "ItemTitle": "Oban Whisky Little Bay 43% 0,7L",
            "ItemPrice": "59,99€",
            "ItemUnit": "85,70€/l",
            "local_image_path": "Wein/ Spirituosen/Spirituosen/highland_park_18_jahre_single_malt_whisky.jpg"
          },
          {
            "image_urls": [
              "https://www.edeka24.de/out/pictures/generated/product/1/224_224_90/wikingermethanf.jpg"
            ],
            "ItemTitle": "Wikinger Met mit Hanf naturtrüb 0,75L",
            "ItemPrice": "5,99€",
            "ItemUnit": "7,99€/l",
            "local_image_path": "Wein/ Spirituosen/Spirituosen/wikingermethanf.jpg"
          },
          {
            "image_urls": [
              "https://www.edeka24.de/out/pictures/generated/product/1/224_224_90/prinz_alte_wald_himbeere_41_05l.jpg"
            ],
            "ItemTitle": "Prinz Alte Wald Himbeere 0,5L",
            "ItemPrice": "20,99€",
            "ItemUnit": "41,98€/l",
            "local_image_path": "Wein/ Spirituosen/Spirituosen/highland_park_18_jahre_single_malt_whisky.jpg"
          },
          {
            "image_urls": [
              "https://www.edeka24.de/out/pictures/generated/product/1/224_224_90/cellini_grappa_cru_07l.jpg"
            ],
            "ItemTitle": "Cellini Grappa Cru 0,7L",
            "ItemPrice": "12,99€",
            "ItemUnit": "18,56€/l",
            "local_image_path": "Wein/ Spirituosen/Spirituosen/highland_park_18_jahre_single_malt_whisky.jpg"
          },
          {
            "image_urls": [
              "https://www.edeka24.de/out/pictures/generated/product/1/224_224_90/kuemmerling_kruterlikr.jpg"
            ],
            "ItemTitle": "Kuemmerling Kräuterlikör 0,5L",
            "ItemPrice": "8,99€",
            "ItemUnit": "17,98€/l",
            "local_image_path": "Wein/ Spirituosen/Spirituosen/highland_park_18_jahre_single_malt_whisky.jpg"
          },
          {
            "image_urls": [
              "https://www.edeka24.de/out/pictures/generated/product/1/224_224_90/jgermeister-kruterlikr-035.jpg"
            ],
            "ItemTitle": "Jägermeister Kräuterlikör 0,35L",
            "ItemPrice": "7,79€",
            "ItemUnit": "22,26€/l",
            "local_image_path": "Wein/ Spirituosen/Spirituosen/highland_park_18_jahre_single_malt_whisky.jpg"
          },
          {
            "image_urls": [
              "https://www.edeka24.de/out/pictures/generated/product/1/224_224_90/-4062400123525_iq.jpg"
            ],
            "ItemTitle": "Papidoux Fine Calvados 0,7L",
            "ItemPrice": "16,99€",
            "ItemUnit": "24,27€/l",
            "local_image_path": "Wein/ Spirituosen/Spirituosen/highland_park_18_jahre_single_malt_whisky.jpg"
          },
          {
            "image_urls": [
              "https://www.edeka24.de/out/pictures/generated/product/1/224_224_90/weisteufel.jpg"
            ],
            "ItemTitle": "Weis Offenburger Teufel Kräuterlikör 0,5L",
            "ItemPrice": "13,99€",
            "ItemUnit": "27,98€/l",
            "local_image_path": "Wein/ Spirituosen/Spirituosen/highland_park_18_jahre_single_malt_whisky.jpg"
          },
          {
            "image_urls": [
              "https://www.edeka24.de/out/pictures/generated/product/1/224_224_90/roner-williams-brand-550.jpg"
            ],
            "ItemTitle": "Roner Williams-Brand 0,7L",
            "ItemPrice": "23,99€",
            "ItemUnit": "34,27€/l",
            "local_image_path": "Wein/ Spirituosen/Spirituosen/highland_park_18_jahre_single_malt_whisky.jpg"
          },
          {
            "image_urls": [
              "https://www.edeka24.de/out/pictures/generated/product/1/224_224_90/wikinger-met_honigwein.jpg"
            ],
            "ItemTitle": "Wikinger Met Honigwein im Tonkrug 0,5L",
            "ItemPrice": "7,49€",
            "ItemUnit": "14,98€/l",
            "local_image_path": "Wein/ Spirituosen/Spirituosen/highland_park_18_jahre_single_malt_whisky.jpg"
          },
          {
            "image_urls": [
              "https://www.edeka24.de/out/pictures/generated/product/1/224_224_90/maker039s_mark_bourbon_whisky_45_07l.jpg"
            ],
            "ItemTitle": "Maker's Mark Bourbon Whisky 45% 0,7L",
            "ItemPrice": "25,99€",
            "ItemUnit": "37,13€/l",
            "local_image_path": "Wein/ Spirituosen/Spirituosen/highland_park_18_jahre_single_malt_whisky.jpg"
          },
          {
            "image_urls": [
              "https://www.edeka24.de/out/pictures/generated/product/1/224_224_90/fies_select_klar_zwetschgenwasser.jpg"
            ],
            "ItemTitle": "Fies Select Zwetschgenwasser 0,7L",
            "ItemPrice": "11,99€",
            "ItemUnit": "17,13€/l",
            "local_image_path": "Wein/ Spirituosen/Spirituosen/highland_park_18_jahre_single_malt_whisky.jpg"
          },
          {
            "image_urls": [
              "https://www.edeka24.de/out/pictures/generated/product/1/224_224_90/danzka-vodka-citrus_1000.jpg"
            ],
            "ItemTitle": "Danzka Vodka Citrus 0,7L",
            "ItemPrice": "14,99€",
            "ItemUnit": "21,41€/l",
            "local_image_path": "Wein/ Spirituosen/Spirituosen/highland_park_18_jahre_single_malt_whisky.jpg"
          },
          {
            "image_urls": [
              "https://www.edeka24.de/out/pictures/generated/product/1/224_224_90/prinz_haus_zwetschke_41_05l.jpg"
            ],
            "ItemTitle": "Prinz Alte Haus Zwetschke 0,5L",
            "ItemPrice": "20,99€",
            "ItemUnit": "41,98€/l",
            "local_image_path": "Wein/ Spirituosen/Spirituosen/highland_park_18_jahre_single_malt_whisky.jpg"
          },
          {
            "image_urls": [
              "https://www.edeka24.de/out/pictures/generated/product/1/224_224_90/ziegleraltezwetschge.jpg"
            ],
            "ItemTitle": "Ziegler Alte Zwetschge 43% 0,5L",
            "ItemPrice": "60,99€",
            "ItemUnit": "121,98€/l",
            "local_image_path": "Wein/ Spirituosen/Spirituosen/highland_park_18_jahre_single_malt_whisky.jpg"
          },
          {
            "image_urls": [
              "https://www.edeka24.de/out/pictures/generated/product/1/224_224_90/4x50rum.jpg"
            ],
            "ItemTitle": "4x50 Finely Distilled Superior Rum 40,5% 0,7L",
            "ItemPrice": "159,00€",
            "ItemUnit": "227,14€/l",
            "local_image_path": "Wein/ Spirituosen/Spirituosen/highland_park_18_jahre_single_malt_whisky.jpg"
          },
          {
            "image_urls": [
              "https://www.edeka24.de/out/pictures/generated/product/1/224_224_90/ferdinand039s_saar_dry_gin_44_05l.jpg"
            ],
            "ItemTitle": "Ferdinand's Saar Dry Gin 44% 0,5L",
            "ItemPrice": "35,99€",
            "ItemUnit": "71,98€/l",
            "local_image_path": "Wein/ Spirituosen/Spirituosen/highland_park_18_jahre_single_malt_whisky.jpg"
          },
          {
            "image_urls": [
              "https://www.edeka24.de/out/pictures/generated/product/1/224_224_90/belsazar_vermouth_dry_19_075l.jpg"
            ],
            "ItemTitle": "Belsazar Vermouth Dry 0,75L",
            "ItemPrice": "18,99€",
            "ItemUnit": "25,32€/l",
            "local_image_path": "Wein/ Spirituosen/Spirituosen/highland_park_18_jahre_single_malt_whisky.jpg"
          },
          {
            "image_urls": [
              "https://www.edeka24.de/out/pictures/generated/product/1/224_224_90/durbacheredlewilliamsbirne.jpg"
            ],
            "ItemTitle": "Durbacher Edle Williams Birne 0,5L",
            "ItemPrice": "22,49€",
            "ItemUnit": "44,98€/l",
            "local_image_path": "Wein/ Spirituosen/Spirituosen/highland_park_18_jahre_single_malt_whisky.jpg"
          },
          {
            "image_urls": [
              "https://www.edeka24.de/out/pictures/generated/product/1/224_224_90/metaxa_12_40_07l.jpg"
            ],
            "ItemTitle": "Metaxa 12 Sterne 40% 0,7L",
            "ItemPrice": "33,99€",
            "ItemUnit": "48,56€/l",
            "local_image_path": "Wein/ Spirituosen/Spirituosen/highland_park_18_jahre_single_malt_whisky.jpg"
          },
          {
            "image_urls": [
              "https://www.edeka24.de/out/pictures/generated/product/1/224_224_90/nonino_aperitivo_botanical_drink_21_07l.jpg"
            ],
            "ItemTitle": "Nonino Aperitivo Botanical Drink 21% 0,7L",
            "ItemPrice": "25,99€",
            "ItemUnit": "37,13€/l",
            "local_image_path": "Wein/ Spirituosen/Spirituosen/highland_park_18_jahre_single_malt_whisky.jpg"
          },
          {
            "image_urls": [
              "https://www.edeka24.de/out/pictures/generated/product/1/224_224_90/jura_whisky_10_jahre_40_07l.jpg"
            ],
            "ItemTitle": "Jura Whisky 10 Jahre 40% 0,7L",
            "ItemPrice": "31,99€",
            "ItemUnit": "45,70€/l",
            "local_image_path": "Wein/ Spirituosen/Spirituosen/highland_park_18_jahre_single_malt_whisky.jpg"
          },
          {
            "image_urls": [
              "https://www.edeka24.de/out/pictures/generated/product/1/224_224_90/old_pulteney_whisky_15_jahre_46_07l.jpg"
            ],
            "ItemTitle": "Old Pulteney Whisky 15 Jahre 46% 0,7L",
            "ItemPrice": "79,99€",
            "ItemUnit": "114,27€/l",
            "local_image_path": "Wein/ Spirituosen/Spirituosen/highland_park_18_jahre_single_malt_whisky.jpg"
          },
          {
            "image_urls": [
              "https://www.edeka24.de/out/pictures/generated/product/1/224_224_90/tomatin14.jpg"
            ],
            "ItemTitle": "Tomatin Whisky 14 Jahre 46% 0,7L",
            "ItemPrice": "61,99€",
            "ItemUnit": "88,56€/l",
            "local_image_path": "Wein/ Spirituosen/Spirituosen/highland_park_18_jahre_single_malt_whisky.jpg"
          },
          {
            "image_urls": [
              "https://www.edeka24.de/out/pictures/generated/product/1/224_224_90/jura_whisky_journey_40_07l.jpg"
            ],
            "ItemTitle": "Jura Whisky Journey 40% 0,7L",
            "ItemPrice": "27,99€",
            "ItemUnit": "39,99€/l",
            "local_image_path": "Wein/ Spirituosen/Spirituosen/highland_park_18_jahre_single_malt_whisky.jpg"
          },
          {
            "image_urls": [
              "https://www.edeka24.de/out/pictures/generated/product/1/224_224_90/teeling_small_batch_irish_whiskey_46_07l.jpg"
            ],
            "ItemTitle": "Teeling Whiskey 46% 0,7L",
            "ItemPrice": "27,99€",
            "ItemUnit": "39,99€/l",
            "local_image_path": "Wein/ Spirituosen/Spirituosen/highland_park_18_jahre_single_malt_whisky.jpg"
          },
          {
            "image_urls": [
              "https://www.edeka24.de/out/pictures/generated/product/1/224_224_90/penderyn_41_madeira_single_malt_welsh_whisky_41_07l.jpg"
            ],
            "ItemTitle": "PENDERYN Whisky Legend 41% 0,7L",
            "ItemPrice": "31,99€",
            "ItemUnit": "45,70€/l",
            "local_image_path": "Wein/ Spirituosen/Spirituosen/highland_park_18_jahre_single_malt_whisky.jpg"
          },
          {
            "image_urls": [
              "https://www.edeka24.de/out/pictures/generated/product/1/224_224_90/zieglerwildkirsche.jpg"
            ],
            "ItemTitle": "Ziegler No.1 Wildkirschbrand 43% 0,5L",
            "ItemPrice": "99,00€",
            "ItemUnit": "198,00€/l",
            "local_image_path": "Wein/ Spirituosen/Spirituosen/highland_park_18_jahre_single_malt_whisky.jpg"
          },
          {
            "image_urls": [
              "https://www.edeka24.de/out/pictures/generated/product/1/224_224_90/glh-gin.jpg"
            ],
            "ItemTitle": "V Sinne Glüh-Gin & Berry 0,7L",
            "ItemPrice": "19,99€",
            "ItemUnit": "28,56€/l",
            "local_image_path": "Wein/ Spirituosen/Spirituosen/highland_park_18_jahre_single_malt_whisky.jpg"
          },
          {
            "image_urls": [
              "https://www.edeka24.de/out/pictures/generated/product/1/224_224_90/glendronach_12_jahre_single_malt_whisky_43_700ml(1).jpg"
            ],
            "ItemTitle": "Glendronach Whisky 12 Jahre 43% 0,7L",
            "ItemPrice": "42,99€",
            "ItemUnit": "61,41€/l",
            "local_image_path": "Wein/ Spirituosen/Spirituosen/highland_park_18_jahre_single_malt_whisky.jpg"
          },
          {
            "image_urls": [
              "https://www.edeka24.de/out/pictures/generated/product/1/224_224_90/bumbu_the_original_40_07l.jpg"
            ],
            "ItemTitle": "Bumbu Rum The Original 40% 0,7L",
            "ItemPrice": "32,99€",
            "ItemUnit": "47,13€/l",
            "local_image_path": "Wein/ Spirituosen/Spirituosen/highland_park_18_jahre_single_malt_whisky.jpg"
          },
          {
            "image_urls": [
              "https://www.edeka24.de/out/pictures/generated/product/1/224_224_90/sibona_grappa_di_chardonnay.jpg"
            ],
            "ItemTitle": "Sibona Grappa di Chardonnay 0,5L",
            "ItemPrice": "22,99€",
            "ItemUnit": "45,98€/l",
            "local_image_path": "Wein/ Spirituosen/Spirituosen/highland_park_18_jahre_single_malt_whisky.jpg"
          },
          {
            "image_urls": [
              "https://www.edeka24.de/out/pictures/generated/product/1/224_224_90/elephantginlondondry.jpg"
            ],
            "ItemTitle": "Elephant Gin London Dry 0,5L",
            "ItemPrice": "35,99€",
            "ItemUnit": "71,98€/l",
            "local_image_path": "Wein/ Spirituosen/Spirituosen/highland_park_18_jahre_single_malt_whisky.jpg"
          },
          {
            "image_urls": [
              "https://www.edeka24.de/out/pictures/generated/product/1/224_224_90/tamdhu12.jpg"
            ],
            "ItemTitle": "Tamdhu Whisky 12 Jahre 43% 0,7L",
            "ItemPrice": "51,99€",
            "ItemUnit": "74,27€/l",
            "local_image_path": "Wein/ Spirituosen/Spirituosen/highland_park_18_jahre_single_malt_whisky.jpg"
          },
          {
            "image_urls": [
              "https://www.edeka24.de/out/pictures/generated/product/1/224_224_90/the_glenlivet_malt_12_jahre_40_gp_07l.jpg"
            ],
            "ItemTitle": "The Glenlivet Whisky 12 Jahre 40% GP 0,7L",
            "ItemPrice": "34,99€",
            "ItemUnit": "49,99€/l",
            "local_image_path": "Wein/ Spirituosen/Spirituosen/highland_park_18_jahre_single_malt_whisky.jpg"
          },
          {
            "image_urls": [
              "https://www.edeka24.de/out/pictures/generated/product/1/224_224_90/lagavulin8.jpg"
            ],
            "ItemTitle": "Lagavulin Whisky 8 Jahre 48% GP 0,7L",
            "ItemPrice": "55,99€",
            "ItemUnit": "79,99€/l",
            "local_image_path": "Wein/ Spirituosen/Spirituosen/highland_park_18_jahre_single_malt_whisky.jpg"
          },
          {
            "image_urls": [
              "https://www.edeka24.de/out/pictures/generated/product/1/224_224_90/siegfriedgin.jpg"
            ],
            "ItemTitle": "Rheinland Distillers Siegfried Rheinland Dry Gin 41% 0,5L",
            "ItemPrice": "27,99€",
            "ItemUnit": "55,98€/l",
            "local_image_path": "Wein/ Spirituosen/Spirituosen/highland_park_18_jahre_single_malt_whisky.jpg"
          },
          {
            "image_urls": [
              "https://www.edeka24.de/out/pictures/generated/product/1/224_224_90/teeling_single_malt_whiskey_46_07l.jpg"
            ],
            "ItemTitle": "Teeling Whiskey 46% 0,7L",
            "ItemPrice": "40,99€",
            "ItemUnit": "58,56€/l",
            "local_image_path": "Wein/ Spirituosen/Spirituosen/highland_park_18_jahre_single_malt_whisky.jpg"
          },
          {
            "image_urls": [
              "https://www.edeka24.de/out/pictures/generated/product/1/224_224_90/plantation_pineapple_40_07l.jpg"
            ],
            "ItemTitle": "Plantation Rum Pineapple 40% 0,7L",
            "ItemPrice": "28,99€",
            "ItemUnit": "41,41€/l",
            "local_image_path": "Wein/ Spirituosen/Spirituosen/highland_park_18_jahre_single_malt_whisky.jpg"
          },
          {
            "image_urls": [
              "https://www.edeka24.de/out/pictures/generated/product/1/224_224_90/frangelico.jpg"
            ],
            "ItemTitle": "Frangelico Haselnuss-Likör 0,7L",
            "ItemPrice": "16,99€",
            "ItemUnit": "24,27€/l",
            "local_image_path": "Wein/ Spirituosen/Spirituosen/highland_park_18_jahre_single_malt_whisky.jpg"
          },
          {
            "image_urls": [
              "https://www.edeka24.de/out/pictures/generated/product/1/224_224_90/pampero_aniversario_rum_anejo_reserva_exclusiva_40_07l.jpg"
            ],
            "ItemTitle": "Pampero Rum Aniversario Anejo Reserva Exclusiva 40% 0,7L",
            "ItemPrice": "25,99€",
            "ItemUnit": "37,13€/l",
            "local_image_path": "Wein/ Spirituosen/Spirituosen/highland_park_18_jahre_single_malt_whisky.jpg"
          },
          {
            "image_urls": [
              "https://www.edeka24.de/out/pictures/generated/product/1/224_224_90/cragganmore_malt_12y_40_07l.jpg"
            ],
            "ItemTitle": "Cragganmore Whisky 12 Jahre 40% GP 0,7L",
            "ItemPrice": "38,99€",
            "ItemUnit": "55,70€/l",
            "local_image_path": "Wein/ Spirituosen/Spirituosen/highland_park_18_jahre_single_malt_whisky.jpg"
          },
          {
            "image_urls": [
              "https://www.edeka24.de/out/pictures/generated/product/1/224_224_90/danzka-vodka-citrus_1000.jpg"
            ],
            "ItemTitle": "Danzka Vodka Citrus 0,7L",
            "ItemPrice": "14,99€",
            "ItemUnit": "21,41€/l",
            "local_image_path": "Wein/ Spirituosen/Spirituosen/highland_park_18_jahre_single_malt_whisky.jpg"
          },
          {
            "image_urls": [
              "https://www.edeka24.de/out/pictures/generated/product/1/224_224_90/prinz_haus_zwetschke_41_05l.jpg"
            ],
            "ItemTitle": "Prinz Alte Haus Zwetschke 0,5L",
            "ItemPrice": "20,99€",
            "ItemUnit": "41,98€/l",
            "local_image_path": "Wein/ Spirituosen/Spirituosen/highland_park_18_jahre_single_malt_whisky.jpg"
          },
          {
            "image_urls": [
              "https://www.edeka24.de/out/pictures/generated/product/1/224_224_90/ziegleraltezwetschge.jpg"
            ],
            "ItemTitle": "Ziegler Alte Zwetschge 43% 0,5L",
            "ItemPrice": "60,99€",
            "ItemUnit": "121,98€/l",
            "local_image_path": "Wein/ Spirituosen/Spirituosen/highland_park_18_jahre_single_malt_whisky.jpg"
          },
          {
            "image_urls": [
              "https://www.edeka24.de/out/pictures/generated/product/1/224_224_90/4x50rum.jpg"
            ],
            "ItemTitle": "4x50 Finely Distilled Superior Rum 40,5% 0,7L",
            "ItemPrice": "159,00€",
            "ItemUnit": "227,14€/l",
            "local_image_path": "Wein/ Spirituosen/Spirituosen/highland_park_18_jahre_single_malt_whisky.jpg"
          },
          {
            "image_urls": [
              "https://www.edeka24.de/out/pictures/generated/product/1/224_224_90/ferdinand039s_saar_dry_gin_44_05l.jpg"
            ],
            "ItemTitle": "Ferdinand's Saar Dry Gin 44% 0,5L",
            "ItemPrice": "35,99€",
            "ItemUnit": "71,98€/l",
            "local_image_path": "Wein/ Spirituosen/Spirituosen/highland_park_18_jahre_single_malt_whisky.jpg"
          },
          {
            "image_urls": [
              "https://www.edeka24.de/out/pictures/generated/product/1/224_224_90/belsazar_vermouth_dry_19_075l.jpg"
            ],
            "ItemTitle": "Belsazar Vermouth Dry 0,75L",
            "ItemPrice": "18,99€",
            "ItemUnit": "25,32€/l",
            "local_image_path": "Wein/ Spirituosen/Spirituosen/highland_park_18_jahre_single_malt_whisky.jpg"
          },
          {
            "image_urls": [
              "https://www.edeka24.de/out/pictures/generated/product/1/224_224_90/durbacheredlewilliamsbirne.jpg"
            ],
            "ItemTitle": "Durbacher Edle Williams Birne 0,5L",
            "ItemPrice": "22,49€",
            "ItemUnit": "44,98€/l",
            "local_image_path": "Wein/ Spirituosen/Spirituosen/highland_park_18_jahre_single_malt_whisky.jpg"
          },
          {
            "image_urls": [
              "https://www.edeka24.de/out/pictures/generated/product/1/224_224_90/metaxa_12_40_07l.jpg"
            ],
            "ItemTitle": "Metaxa 12 Sterne 40% 0,7L",
            "ItemPrice": "33,99€",
            "ItemUnit": "48,56€/l",
            "local_image_path": "Wein/ Spirituosen/Spirituosen/highland_park_18_jahre_single_malt_whisky.jpg"
          },
          {
            "image_urls": [
              "https://www.edeka24.de/out/pictures/generated/product/1/224_224_90/nonino_aperitivo_botanical_drink_21_07l.jpg"
            ],
            "ItemTitle": "Nonino Aperitivo Botanical Drink 21% 0,7L",
            "ItemPrice": "25,99€",
            "ItemUnit": "37,13€/l",
            "local_image_path": "Wein/ Spirituosen/Spirituosen/highland_park_18_jahre_single_malt_whisky.jpg"
          },
          {
            "image_urls": [
              "https://www.edeka24.de/out/pictures/generated/product/1/224_224_90/jura_whisky_10_jahre_40_07l.jpg"
            ],
            "ItemTitle": "Jura Whisky 10 Jahre 40% 0,7L",
            "ItemPrice": "31,99€",
            "ItemUnit": "45,70€/l",
            "local_image_path": "Wein/ Spirituosen/Spirituosen/highland_park_18_jahre_single_malt_whisky.jpg"
          },
          {
            "image_urls": [
              "https://www.edeka24.de/out/pictures/generated/product/1/224_224_90/old_pulteney_whisky_15_jahre_46_07l.jpg"
            ],
            "ItemTitle": "Old Pulteney Whisky 15 Jahre 46% 0,7L",
            "ItemPrice": "79,99€",
            "ItemUnit": "114,27€/l",
            "local_image_path": "Wein/ Spirituosen/Spirituosen/highland_park_18_jahre_single_malt_whisky.jpg"
          },
          {
            "image_urls": [
              "https://www.edeka24.de/out/pictures/generated/product/1/224_224_90/tomatin14.jpg"
            ],
            "ItemTitle": "Tomatin Whisky 14 Jahre 46% 0,7L",
            "ItemPrice": "61,99€",
            "ItemUnit": "88,56€/l",
            "local_image_path": "Wein/ Spirituosen/Spirituosen/highland_park_18_jahre_single_malt_whisky.jpg"
          },
          {
            "image_urls": [
              "https://www.edeka24.de/out/pictures/generated/product/1/224_224_90/jura_whisky_journey_40_07l.jpg"
            ],
            "ItemTitle": "Jura Whisky Journey 40% 0,7L",
            "ItemPrice": "27,99€",
            "ItemUnit": "39,99€/l",
            "local_image_path": "Wein/ Spirituosen/Spirituosen/highland_park_18_jahre_single_malt_whisky.jpg"
          },
          {
            "image_urls": [
              "https://www.edeka24.de/out/pictures/generated/product/1/224_224_90/teeling_small_batch_irish_whiskey_46_07l.jpg"
            ],
            "ItemTitle": "Teeling Whiskey 46% 0,7L",
            "ItemPrice": "27,99€",
            "ItemUnit": "39,99€/l",
            "local_image_path": "Wein/ Spirituosen/Spirituosen/highland_park_18_jahre_single_malt_whisky.jpg"
          },
          {
            "image_urls": [
              "https://www.edeka24.de/out/pictures/generated/product/1/224_224_90/penderyn_41_madeira_single_malt_welsh_whisky_41_07l.jpg"
            ],
            "ItemTitle": "PENDERYN Whisky Legend 41% 0,7L",
            "ItemPrice": "31,99€",
            "ItemUnit": "45,70€/l",
            "local_image_path": "Wein/ Spirituosen/Spirituosen/highland_park_18_jahre_single_malt_whisky.jpg"
          },
          {
            "image_urls": [
              "https://www.edeka24.de/out/pictures/generated/product/1/224_224_90/zieglerwildkirsche.jpg"
            ],
            "ItemTitle": "Ziegler No.1 Wildkirschbrand 43% 0,5L",
            "ItemPrice": "99,00€",
            "ItemUnit": "198,00€/l",
            "local_image_path": "Wein/ Spirituosen/Spirituosen/highland_park_18_jahre_single_malt_whisky.jpg"
          },
          {
            "image_urls": [
              "https://www.edeka24.de/out/pictures/generated/product/1/224_224_90/glh-gin.jpg"
            ],
            "ItemTitle": "V Sinne Glüh-Gin & Berry 0,7L",
            "ItemPrice": "19,99€",
            "ItemUnit": "28,56€/l",
            "local_image_path": "Wein/ Spirituosen/Spirituosen/highland_park_18_jahre_single_malt_whisky.jpg"
          },
          {
            "image_urls": [
              "https://www.edeka24.de/out/pictures/generated/product/1/224_224_90/glendronach_12_jahre_single_malt_whisky_43_700ml(1).jpg"
            ],
            "ItemTitle": "Glendronach Whisky 12 Jahre 43% 0,7L",
            "ItemPrice": "42,99€",
            "ItemUnit": "61,41€/l",
            "local_image_path": "Wein/ Spirituosen/Spirituosen/highland_park_18_jahre_single_malt_whisky.jpg"
          },
          {
            "image_urls": [
              "https://www.edeka24.de/out/pictures/generated/product/1/224_224_90/bumbu_the_original_40_07l.jpg"
            ],
            "ItemTitle": "Bumbu Rum The Original 40% 0,7L",
            "ItemPrice": "32,99€",
            "ItemUnit": "47,13€/l",
            "local_image_path": "Wein/ Spirituosen/Spirituosen/highland_park_18_jahre_single_malt_whisky.jpg"
          },
          {
            "image_urls": [
              "https://www.edeka24.de/out/pictures/generated/product/1/224_224_90/sibona_grappa_di_chardonnay.jpg"
            ],
            "ItemTitle": "Sibona Grappa di Chardonnay 0,5L",
            "ItemPrice": "22,99€",
            "ItemUnit": "45,98€/l",
            "local_image_path": "Wein/ Spirituosen/Spirituosen/highland_park_18_jahre_single_malt_whisky.jpg"
          },
          {
            "image_urls": [
              "https://www.edeka24.de/out/pictures/generated/product/1/224_224_90/elephantginlondondry.jpg"
            ],
            "ItemTitle": "Elephant Gin London Dry 0,5L",
            "ItemPrice": "35,99€",
            "ItemUnit": "71,98€/l",
            "local_image_path": "Wein/ Spirituosen/Spirituosen/highland_park_18_jahre_single_malt_whisky.jpg"
          },
          {
            "image_urls": [
              "https://www.edeka24.de/out/pictures/generated/product/1/224_224_90/tamdhu12.jpg"
            ],
            "ItemTitle": "Tamdhu Whisky 12 Jahre 43% 0,7L",
            "ItemPrice": "51,99€",
            "ItemUnit": "74,27€/l",
            "local_image_path": "Wein/ Spirituosen/Spirituosen/highland_park_18_jahre_single_malt_whisky.jpg"
          },
          {
            "image_urls": [
              "https://www.edeka24.de/out/pictures/generated/product/1/224_224_90/the_glenlivet_malt_12_jahre_40_gp_07l.jpg"
            ],
            "ItemTitle": "The Glenlivet Whisky 12 Jahre 40% GP 0,7L",
            "ItemPrice": "34,99€",
            "ItemUnit": "49,99€/l",
            "local_image_path": "Wein/ Spirituosen/Spirituosen/highland_park_18_jahre_single_malt_whisky.jpg"
          },
          {
            "image_urls": [
              "https://www.edeka24.de/out/pictures/generated/product/1/224_224_90/lagavulin8.jpg"
            ],
            "ItemTitle": "Lagavulin Whisky 8 Jahre 48% GP 0,7L",
            "ItemPrice": "55,99€",
            "ItemUnit": "79,99€/l",
            "local_image_path": "Wein/ Spirituosen/Spirituosen/highland_park_18_jahre_single_malt_whisky.jpg"
          },
          {
            "image_urls": [
              "https://www.edeka24.de/out/pictures/generated/product/1/224_224_90/siegfriedgin.jpg"
            ],
            "ItemTitle": "Rheinland Distillers Siegfried Rheinland Dry Gin 41% 0,5L",
            "ItemPrice": "27,99€",
            "ItemUnit": "55,98€/l",
            "local_image_path": "Wein/ Spirituosen/Spirituosen/highland_park_18_jahre_single_malt_whisky.jpg"
          },
          {
            "image_urls": [
              "https://www.edeka24.de/out/pictures/generated/product/1/224_224_90/teeling_single_malt_whiskey_46_07l.jpg"
            ],
            "ItemTitle": "Teeling Whiskey 46% 0,7L",
            "ItemPrice": "40,99€",
            "ItemUnit": "58,56€/l",
            "local_image_path": "Wein/ Spirituosen/Spirituosen/highland_park_18_jahre_single_malt_whisky.jpg"
          },
          {
            "image_urls": [
              "https://www.edeka24.de/out/pictures/generated/product/1/224_224_90/plantation_pineapple_40_07l.jpg"
            ],
            "ItemTitle": "Plantation Rum Pineapple 40% 0,7L",
            "ItemPrice": "28,99€",
            "ItemUnit": "41,41€/l",
            "local_image_path": "Wein/ Spirituosen/Spirituosen/highland_park_18_jahre_single_malt_whisky.jpg"
          },
          {
            "image_urls": [
              "https://www.edeka24.de/out/pictures/generated/product/1/224_224_90/frangelico.jpg"
            ],
            "ItemTitle": "Frangelico Haselnuss-Likör 0,7L",
            "ItemPrice": "16,99€",
            "ItemUnit": "24,27€/l",
            "local_image_path": "Wein/ Spirituosen/Spirituosen/highland_park_18_jahre_single_malt_whisky.jpg"
          },
          {
            "image_urls": [
              "https://www.edeka24.de/out/pictures/generated/product/1/224_224_90/pampero_aniversario_rum_anejo_reserva_exclusiva_40_07l.jpg"
            ],
            "ItemTitle": "Pampero Rum Aniversario Anejo Reserva Exclusiva 40% 0,7L",
            "ItemPrice": "25,99€",
            "ItemUnit": "37,13€/l",
            "local_image_path": "Wein/ Spirituosen/Spirituosen/highland_park_18_jahre_single_malt_whisky.jpg"
          },
          {
            "image_urls": [
              "https://www.edeka24.de/out/pictures/generated/product/1/224_224_90/cragganmore_malt_12y_40_07l.jpg"
            ],
            "ItemTitle": "Cragganmore Whisky 12 Jahre 40% GP 0,7L",
            "ItemPrice": "38,99€",
            "ItemUnit": "55,70€/l",
            "local_image_path": "Wein/ Spirituosen/Spirituosen/highland_park_18_jahre_single_malt_whisky.jpg"
          },
          {
            "image_urls": [
              "https://www.edeka24.de/out/pictures/generated/product/1/224_224_90/highland_park_18_jahre_single_malt_whisky.jpg"
            ],
            "ItemTitle": "Highland Park Whisky 18 Jahre 43% 0,7L",
            "ItemPrice": "139,00€",
            "ItemUnit": "198,57€/l",
            "local_image_path": "Wein/ Spirituosen/Spirituosen/highland_park_18_jahre_single_malt_whisky.jpg"
          },
          {
            "image_urls": [
              "https://www.edeka24.de/out/pictures/generated/product/1/224_224_90/highland_park_18_jahre_single_malt_whisky.jpg"
            ],
            "ItemTitle": "Highland Park Whisky 18 Jahre 43% 0,7L",
            "ItemPrice": "139,00€",
            "ItemUnit": "198,57€/l",
            "local_image_path": "Wein/ Spirituosen/Spirituosen/highland_park_18_jahre_single_malt_whisky.jpg"
          }
        ]
      }
    ]
  },
  {
    "CategoryTitle": "Wein/ Spirituosen",
    "Subcategories": [
      {
        "subcategoryTitle": "Roséweine",
        "productItems": [
          {
            "image_urls": [
              "https://www.edeka24.de/out/pictures/generated/product/1/224_224_90/montaltonerodavolarosato.jpg"
            ],
            "ItemTitle": "Barone Montalto Bio Nero D'Avola Rosato 0,75L",
            "ItemPrice": "6,29€",
            "ItemUnit": "8,39€/l",
            "local_image_path": "Bio-Produkte/Bio Marken/montaltonerodavolarosato.jpg"
          },
          {
            "image_urls": [
              "https://www.edeka24.de/out/pictures/generated/product/1/224_224_90/blanchet_jolie_rose_de_france_lieblich_075l.jpg"
            ],
            "ItemTitle": "Blanchet Jolie Rosé de France lieblich 0,75L",
            "ItemPrice": "4,49€",
            "ItemUnit": "5,99€/l",
            "local_image_path": "Wein/ Spirituosen/Roséweine/blanchet_jolie_rose_de_france_lieblich_075l.jpg"
          },
          {
            "image_urls": [
              "https://www.edeka24.de/out/pictures/generated/product/1/224_224_90/4001731763994_rose_de_france_trocken_bt_075l_ve.jpg"
            ],
            "ItemTitle": "Blanchet Rosé de France Roséwein trocken 0,75L",
            "ItemPrice": "4,49€",
            "ItemUnit": "5,99€/l",
            "local_image_path": "Wein/ Spirituosen/Roséweine/4001731763994_rose_de_france_trocken_bt_075l_ve.jpg"
          },
          {
            "image_urls": [
              "https://www.edeka24.de/out/pictures/generated/product/1/224_224_90/bree_pinot_noir_rose_halbtrocken_075l.jpg"
            ],
            "ItemTitle": "Bree Pinot Noir Rose halbtrocken 0,75L",
            "ItemPrice": "5,99€",
            "ItemUnit": "7,99€/l",
            "local_image_path": "Wein/ Spirituosen/Roséweine/bree_pinot_noir_rose_halbtrocken_075l.jpg"
          },
          {
            "image_urls": [
              "https://www.edeka24.de/out/pictures/generated/product/1/224_224_90/campo_viejo_rosriodoca_075l.jpg"
            ],
            "ItemTitle": "Campo Viejo Rioja Tempranillo Rosé 0,75L",
            "ItemPrice": "6,99€",
            "ItemUnit": "9,32€/l",
            "local_image_path": "Wein/ Spirituosen/Roséweine/campo_viejo_rosriodoca_075l.jpg"
          },
          {
            "image_urls": [
              "https://www.edeka24.de/out/pictures/generated/product/1/224_224_90/cantinazacca.jpg"
            ],
            "ItemTitle": "Cantina Zaccagnini Cerasuolo d'Abruzzo 0,75L",
            "ItemPrice": "8,49€",
            "ItemUnit": "11,32€/l",
            "local_image_path": "Wein/ Spirituosen/Roséweine/cantinazacca.jpg"
          },
          {
            "image_urls": [
              "https://www.edeka24.de/out/pictures/generated/product/1/224_224_90/cgfruitzy(2).jpg"
            ],
            "ItemTitle": "Casal Garcia Fruitzy Erdbeere 0,75L",
            "ItemSalePrice": "4,49€",
            "ItemUnit": "5,99€/l",
            "local_image_path": "Wein/ Spirituosen/Roséweine/cgfruitzy(2).jpg"
          },
          {
            "image_urls": [
              "https://www.edeka24.de/out/pictures/generated/product/1/224_224_90/miraval_cotes_de_provence_075l.jpg"
            ],
            "ItemTitle": "Chateau Miraval Rose Cotes de Provence AOC trocken 0,75L",
            "ItemPrice": "22,99€",
            "ItemUnit": "30,65€/l",
            "local_image_path": "Wein/ Spirituosen/Roséweine/miraval_cotes_de_provence_075l.jpg"
          },
          {
            "image_urls": [
              "https://www.edeka24.de/out/pictures/generated/product/1/224_224_90/cleebronn_ampamp_gamp252glingen_samtrot_rose_feinampampfruchtig_qba_lieblich_075l.jpg"
            ],
            "ItemTitle": "Cleebronn Güglingen Fein & Fruchtig Samtrot Rosé 0,75L",
            "ItemPrice": "6,39€",
            "ItemUnit": "8,52€/l",
            "local_image_path": "Wein/ Spirituosen/Roséweine/cleebronn_ampamp_gamp252glingen_samtrot_rose_feinampampfruchtig_qba_lieblich_075l.jpg"
          },
          {
            "image_urls": [
              "https://www.edeka24.de/out/pictures/generated/product/1/224_224_90/primitivo_rosato_14_igt_salento_075l.jpg"
            ],
            "ItemTitle": "Contessa Marina Primitivo del Salento Rosato 14 IGT 0,75L",
            "ItemPrice": "7,99€",
            "ItemUnit": "10,65€/l",
            "local_image_path": "Wein/ Spirituosen/Roséweine/primitivo_rosato_14_igt_salento_075l.jpg"
          },
          {
            "image_urls": [
              "https://www.edeka24.de/out/pictures/generated/product/1/224_224_90/doppio_passo_primitivo_rosato_puglia_igt_2017.jpg"
            ],
            "ItemTitle": "Doppio Passo Primitivo Rosato IGT 0,75L",
            "ItemPrice": "8,49€",
            "ItemUnit": "11,32€/l",
            "local_image_path": "Wein/ Spirituosen/Roséweine/doppio_passo_primitivo_rosato_puglia_igt_2017.jpg"
          },
          {
            "image_urls": [
              "https://www.edeka24.de/out/pictures/generated/product/1/224_224_90/dr.koehlerdoktorspielerose.jpg"
            ],
            "ItemTitle": "Dr. Koehler Doktor Spiele Rosé 2019 0,75L",
            "ItemSalePrice": "7,99€",
            "ItemUnit": "10,65€/l",
            "local_image_path": "Wein/ Spirituosen/Spirituosen/highland_park_18_jahre_single_malt_whisky.jpg"
          },
          {
            "image_urls": [
              "https://www.edeka24.de/out/pictures/generated/product/1/224_224_90/durbedelmsekt_rose_tr075l.jpg"
            ],
            "ItemTitle": "Durbacher Edelmann Rosé Sekt 0,75L",
            "ItemPrice": "7,49€",
            "ItemUnit": "9,99€/l",
            "local_image_path": "Wein/ Spirituosen/Roséweine/durbedelmsekt_rose_tr075l.jpg"
          },
          {
            "image_urls": [
              "https://www.edeka24.de/out/pictures/generated/product/1/224_224_90/durbacher-kollektion-rose.jpg"
            ],
            "ItemTitle": "Durbacher Kollektion Spätburgunder Rosé trocken 0,75L",
            "ItemPrice": "5,99€",
            "ItemUnit": "7,99€/l",
            "local_image_path": "Wein/ Spirituosen/Roséweine/durbacher-kollektion-rose.jpg"
          },
          {
            "image_urls": [
              "https://www.edeka24.de/out/pictures/generated/product/1/224_224_90/durbacherschnezeit.jpg"
            ],
            "ItemTitle": "Durbacher Schöne Zeit Spätburgunder Weissherbst 0,75L",
            "ItemPrice": "5,99€",
            "ItemUnit": "7,99€/l",
            "local_image_path": "Wein/ Spirituosen/Roséweine/durbacherschnezeit.jpg"
          },
          {
            "image_urls": [
              "https://www.edeka24.de/out/pictures/generated/product/1/224_224_90/durbacher_sptburgunderrosetrocken.png"
            ],
            "ItemTitle": "Durbacher Spätburgunder Rosé trocken Edition Rose 0,75L",
            "ItemPrice": "5,99€",
            "ItemUnit": "7,99€/l",
            "local_image_path": "Wein/ Spirituosen/Roséweine/durbacher_sptburgunderrosetrocken.png"
          },
          {
            "image_urls": [
              "https://www.edeka24.de/out/pictures/generated/product/1/224_224_90/exklusivrose_trocken_075l.jpg"
            ],
            "ItemTitle": "Exclusiv Rosé trocken 0,75L",
            "ItemSalePrice": "4,99€",
            "ItemUnit": "6,65€/l",
            "local_image_path": "Angebote/default_subcategory/exklusivrose_trocken_075l.jpg"
          },
          {
            "image_urls": [
              "https://www.edeka24.de/out/pictures/generated/product/1/224_224_90/famangnegros.jpg"
            ],
            "ItemTitle": "Famiglia Angelillo Negroamaro Rosato Puglia IGT halbtrocken 0,75L",
            "ItemPrice": "6,99€",
            "ItemUnit": "9,32€/l",
            "local_image_path": "Wein/ Spirituosen/Roséweine/famangnegros.jpg"
          },
          {
            "image_urls": [
              "https://www.edeka24.de/out/pictures/generated/product/1/224_224_90/lavieillefermeros.jpg"
            ],
            "ItemTitle": "Familie Perrin La Vieille Ferme Rosé 0,75L",
            "ItemPrice": "6,49€",
            "ItemUnit": "8,65€/l",
            "local_image_path": "Wein/ Spirituosen/Roséweine/lavieillefermeros.jpg"
          },
          {
            "image_urls": [
              "https://www.edeka24.de/out/pictures/generated/product/1/224_224_90/fdp.jpg"
            ],
            "ItemTitle": "Fleurs de Prairie Rose AOP Coteaux d'Aix en Provence 0,75L",
            "ItemPrice": "9,99€",
            "ItemUnit": "13,32€/l",
            "local_image_path": "Wein/ Spirituosen/Roséweine/fdp.jpg"
          },
          {
            "image_urls": [
              "https://www.edeka24.de/out/pictures/generated/product/1/224_224_90/freixenet_mederano_rosado_halbtrocken.jpg"
            ],
            "ItemTitle": "Freixenet Mederano Rosado halbtrocken 0,75L",
            "ItemPrice": "4,79€",
            "ItemUnit": "6,39€/l",
            "local_image_path": "Wein/ Spirituosen/Roséweine/freixenet_mederano_rosado_halbtrocken.jpg"
          },
          {
            "image_urls": [
              "https://www.edeka24.de/out/pictures/generated/product/1/224_224_90/fumet_de_mediterrannee_rose_igp_trocken_075l.jpg"
            ],
            "ItemTitle": "Fumet de Méditerrannée Rose IGP 0,75L",
            "ItemPrice": "6,49€",
            "ItemUnit": "8,65€/l",
            "local_image_path": "Wein/ Spirituosen/Roséweine/fumet_de_mediterrannee_rose_igp_trocken_075l.jpg"
          },
          {
            "image_urls": [
              "https://www.edeka24.de/out/pictures/generated/product/1/224_224_90/gallo_family_spritz_peach_amp_nectarine_075_ltr.jpg"
            ],
            "ItemTitle": "Gallo Family Spritz Peach & Nectarine 0,75L",
            "ItemPrice": "6,49€",
            "ItemUnit": "8,65€/l",
            "local_image_path": "Wein/ Spirituosen/Roséweine/gallo_family_spritz_peach_amp_nectarine_075_ltr.jpg"
          },
          {
            "image_urls": [
              "https://www.edeka24.de/out/pictures/generated/product/1/224_224_90/gallo_family_spritz_raspberry_amp_lime_075_ltr.jpg"
            ],
            "ItemTitle": "Gallo Family Spritz Raspberry & Lime 0,75L",
            "ItemSalePrice": "4,49€",
            "ItemUnit": "5,99€/l",
            "local_image_path": "Wein/ Spirituosen/Roséweine/gallo_family_spritz_raspberry_amp_lime_075_ltr.jpg"
          },
          {
            "image_urls": [
              "https://www.edeka24.de/out/pictures/generated/product/1/224_224_90/44920_gallospritz_watermelon750ml.jpg"
            ],
            "ItemTitle": "Gallo Family Spritz Wassermelone 0,75L",
            "ItemSalePrice": "4,49€",
            "ItemUnit": "5,99€/l",
            "local_image_path": "Wein/ Spirituosen/Roséweine/44920_gallospritz_watermelon750ml.jpg"
          },
          {
            "image_urls": [
              "https://www.edeka24.de/out/pictures/generated/product/1/224_224_90/00333217.jpg"
            ],
            "ItemTitle": "Gérard Bertrand Côte des Roses Rosé 2021 0,75L",
            "ItemPrice": "10,49€",
            "ItemUnit": "13,99€/l",
            "local_image_path": "Wein/ Spirituosen/Roséweine/00333217.jpg"
          },
          {
            "image_urls": [
              "https://www.edeka24.de/out/pictures/generated/product/1/224_224_90/hex_vom_dasenstein_ros_2015.jpg"
            ],
            "ItemTitle": "Hex vom Dasenstein Rosé feinherb 0,75L",
            "ItemPrice": "6,49€",
            "ItemUnit": "8,65€/l",
            "local_image_path": "Wein/ Spirituosen/Roséweine/hex_vom_dasenstein_ros_2015.jpg"
          },
          {
            "image_urls": [
              "https://www.edeka24.de/out/pictures/generated/product/1/224_224_90/wg_ihringen_spbgrose_tr_075l.jpg"
            ],
            "ItemTitle": "Ihringer Spätburgunder Rosé trocken 0,75L",
            "ItemPrice": "4,79€",
            "ItemUnit": "6,39€/l",
            "local_image_path": "Wein/ Spirituosen/Roséweine/wg_ihringen_spbgrose_tr_075l.jpg"
          },
          {
            "image_urls": [
              "https://www.edeka24.de/out/pictures/generated/product/1/224_224_90/perrinampampfils_studio_by_miraval_rose_igp_075l.jpg"
            ],
            "ItemTitle": "Jolie-Pitt & Perrin Studio by Miraval Rosé IGP 0,75L",
            "ItemPrice": "14,49€",
            "ItemUnit": "19,32€/l",
            "local_image_path": "Wein/ Spirituosen/Roséweine/perrinampampfils_studio_by_miraval_rose_igp_075l.jpg"
          },
          {
            "image_urls": [
              "https://www.edeka24.de/out/pictures/generated/product/1/224_224_90/chenet_jp_chenet_cinsault_ros_075l.jpg"
            ],
            "ItemTitle": "JP. Chenet Grenache-Cinsault Rosé 0,75L",
            "ItemPrice": "4,79€",
            "ItemUnit": "6,39€/l",
            "local_image_path": "Wein/ Spirituosen/Roséweine/chenet_jp_chenet_cinsault_ros_075l.jpg"
          },
          {
            "image_urls": [
              "https://www.edeka24.de/out/pictures/generated/product/1/224_224_90/chateau_pigoudet_tourelle_coteaux_d039aix_rose_075l.jpg"
            ],
            "ItemTitle": "La Tourelle de Pigoudet Coteaux D'Aix-en-Provence Rosé 0,75L",
            "ItemPrice": "8,49€",
            "ItemUnit": "11,32€/l",
            "local_image_path": "Wein/ Spirituosen/Roséweine/chateau_pigoudet_tourelle_coteaux_d039aix_rose_075l.jpg"
          },
          {
            "image_urls": [
              "https://www.edeka24.de/out/pictures/generated/product/1/224_224_90/erben_weissherbst_075l.jpg"
            ],
            "ItemTitle": "Langguth Erben Portugiesischer Weissherbst lieblich 0,75L",
            "ItemPrice": "5,49€",
            "ItemUnit": "7,32€/l",
            "local_image_path": "Wein/ Spirituosen/Roséweine/erben_weissherbst_075l.jpg"
          },
          {
            "image_urls": [
              "https://www.edeka24.de/out/pictures/generated/product/1/224_224_90/-4005670012212_iq.jpg"
            ],
            "ItemTitle": "Lauffener Katzenbeisser Schwarzriesling Rosé trocken 0,75L",
            "ItemPrice": "5,99€",
            "ItemUnit": "7,99€/l",
            "local_image_path": "Wein/ Spirituosen/Weißwein/-4005670012212_iq.jpg"
          },
          {
            "image_urls": [
              "https://www.edeka24.de/out/pictures/generated/product/1/224_224_90/mastri_vernacoli_pinot_grigio_rosato_delle_dolomiti_igt_075l.jpg"
            ],
            "ItemTitle": "Mastri Vernacoli Pinot Grigio Rosato delle Dolomiti IGT 0,75L",
            "ItemPrice": "7,49€",
            "ItemUnit": "9,99€/l",
            "local_image_path": "Wein/ Spirituosen/Roséweine/mastri_vernacoli_pinot_grigio_rosato_delle_dolomiti_igt_075l.jpg"
          },
          {
            "image_urls": [
              "https://www.edeka24.de/out/pictures/generated/product/1/224_224_90/mezzacoronapgr.jpg"
            ],
            "ItemTitle": "Mezzacorona Pinot Grigio Rosé IGT 0,75L",
            "ItemPrice": "5,99€",
            "ItemUnit": "7,99€/l",
            "local_image_path": "Wein/ Spirituosen/Roséweine/mezzacoronapgr.jpg"
          },
          {
            "image_urls": [
              "https://www.edeka24.de/out/pictures/generated/product/1/224_224_90/torresdecastarosado.jpg"
            ],
            "ItemTitle": "Miguel Torres De Casta Rosado 2021 0,75L",
            "ItemPrice": "7,49€",
            "ItemUnit": "9,99€/l",
            "local_image_path": "Wein/ Spirituosen/Roséweine/torresdecastarosado.jpg"
          },
          {
            "image_urls": [
              "https://www.edeka24.de/out/pictures/generated/product/1/224_224_90/torressangredetororose0.0.jpg"
            ],
            "ItemTitle": "Miguel Torres Sangre de Toro Rosado alkoholfrei 0,75L",
            "ItemPrice": "7,49€",
            "ItemUnit": "9,99€/l",
            "local_image_path": "Wein/ Spirituosen/Roséweine/torressangredetororose0.0.jpg"
          },
          {
            "image_urls": [
              "https://www.edeka24.de/out/pictures/generated/product/1/224_224_90/chateau_minuty_cuvee_m_rose_075l.jpg"
            ],
            "ItemTitle": "Minuty Cuvee M Rosé 0,75L",
            "ItemPrice": "16,49€",
            "ItemUnit": "21,99€/l",
            "local_image_path": "Wein/ Spirituosen/Roséweine/chateau_minuty_cuvee_m_rose_075l.jpg"
          },
          {
            "image_urls": [
              "https://www.edeka24.de/out/pictures/generated/product/1/224_224_90/moselland_akzente_spamp228tburgunder_rose_qba_halbtrocken_075l.jpg"
            ],
            "ItemTitle": "Moselland Akzente Spätburgunder Rose halbtrocken 0,75L",
            "ItemPrice": "5,29€",
            "ItemUnit": "7,05€/l",
            "local_image_path": "Wein/ Spirituosen/Roséweine/moselland_akzente_spamp228tburgunder_rose_qba_halbtrocken_075l.jpg"
          },
          {
            "image_urls": [
              "https://www.edeka24.de/out/pictures/generated/product/1/224_224_90/novantaceppi-primitivo-rosato.jpg"
            ],
            "ItemTitle": "Novantaceppi Primitivo Rosato Puglia IGT 0,75L",
            "ItemPrice": "6,29€",
            "ItemUnit": "8,39€/l",
            "local_image_path": "Wein/ Spirituosen/Roséweine/novantaceppi-primitivo-rosato.jpg"
          },
          {
            "image_urls": [
              "https://www.edeka24.de/out/pictures/generated/product/1/224_224_90/oleadarosadoaf.jpg"
            ],
            "ItemTitle": "Oleada Barcelona Rosado Alkoholfrei 0,75L",
            "ItemPrice": "5,49€",
            "ItemUnit": "7,32€/l",
            "local_image_path": "Wein/ Spirituosen/Roséweine/oleadarosadoaf.jpg"
          },
          {
            "image_urls": [
              "https://www.edeka24.de/out/pictures/generated/product/1/224_224_90/oleadatempranillorosado.jpg"
            ],
            "ItemTitle": "Oleada Barcelona Tempranillo Rosado halbtrocken 2020 0,75L",
            "ItemPrice": "5,49€",
            "ItemUnit": "7,32€/l",
            "local_image_path": "Wein/ Spirituosen/Roséweine/oleadatempranillorosado.jpg"
          },
          {
            "image_urls": [
              "https://www.edeka24.de/out/pictures/generated/product/1/224_224_90/owk_baden_rose_qw_feinherb_075l.jpg"
            ],
            "ItemTitle": "Ortenauer Weinkeller Baden Rose feinherb 0,75L",
            "ItemPrice": "3,99€",
            "ItemUnit": "5,32€/l",
            "local_image_path": "Wein/ Spirituosen/Roséweine/owk_baden_rose_qw_feinherb_075l.jpg"
          },
          {
            "image_urls": [
              "https://www.edeka24.de/out/pictures/generated/product/1/224_224_90/owkechtsussrose.jpg"
            ],
            "ItemTitle": "Ortenauer Weinkeller Echt Süß Rosé 0,75L",
            "ItemPrice": "4,29€",
            "ItemUnit": "5,72€/l",
            "local_image_path": "Wein/ Spirituosen/Roséweine/owkechtsussrose.jpg"
          },
          {
            "image_urls": [
              "https://www.edeka24.de/out/pictures/generated/product/1/224_224_90/ortenauer-weinkeller-frisch-und-fruchtig.jpg"
            ],
            "ItemTitle": "Ortenauer Weinkeller Fruchtig & Frisch Rosé feinherb 0,75L",
            "ItemPrice": "3,99€",
            "ItemUnit": "5,32€/l",
            "local_image_path": "Wein/ Spirituosen/Roséweine/ortenauer-weinkeller-frisch-und-fruchtig.jpg"
          },
          {
            "image_urls": [
              "https://www.edeka24.de/out/pictures/generated/product/1/224_224_90/ortenauer_weinkellerei_rose_trocken_075l.jpg"
            ],
            "ItemTitle": "Ortenauer Weinkeller Ortenauer Weinkellerei Rose QW trocken 0,75L",
            "ItemPrice": "4,99€",
            "ItemUnit": "6,65€/l",
            "local_image_path": "Wein/ Spirituosen/Roséweine/ortenauer_weinkellerei_rose_trocken_075l.jpg"
          },
          {
            "image_urls": [
              "https://www.edeka24.de/out/pictures/generated/product/1/224_224_90/winzerserie_baden_rose_qualitamp228tswein_trocken_075l.jpg"
            ],
            "ItemTitle": "Ortenauer Weinkeller Rosé Qualitätswein trocken 0,75L",
            "ItemPrice": "6,49€",
            "ItemUnit": "8,65€/l",
            "local_image_path": "Wein/ Spirituosen/Roséweine/winzerserie_baden_rose_qualitamp228tswein_trocken_075l.jpg"
          },
          {
            "image_urls": [
              "https://www.edeka24.de/out/pictures/generated/product/1/224_224_90/sommertraum-rose-2016.jpg"
            ],
            "ItemTitle": "Ortenauer Weinkeller Sommertraum Spätburgunder Roséwein trocken 0,75L",
            "ItemPrice": "4,29€",
            "ItemUnit": "5,72€/l",
            "local_image_path": "Wein/ Spirituosen/Roséweine/sommertraum-rose-2016.jpg"
          },
          {
            "image_urls": [
              "https://www.edeka24.de/out/pictures/generated/product/1/224_224_90/owk-sptburgunder-rose.jpg"
            ],
            "ItemTitle": "Ortenauer Weinkeller Spätburgunder Rosé Kabinett trocken 0,75L",
            "ItemPrice": "7,49€",
            "ItemUnit": "9,99€/l",
            "local_image_path": "Wein/ Spirituosen/Roséweine/owk-sptburgunder-rose.jpg"
          },
          {
            "image_urls": [
              "https://www.edeka24.de/out/pictures/generated/product/1/224_224_90/chateau_pechvermeille_corbieres_rose_075l.jpg"
            ],
            "ItemTitle": "Réserve Pechvermeillé Corbières Rosé 0,75L",
            "ItemPrice": "5,99€",
            "ItemUnit": "7,99€/l",
            "local_image_path": "Wein/ Spirituosen/Roséweine/chateau_pechvermeille_corbieres_rose_075l.jpg"
          },
          {
            "image_urls": [
              "https://www.edeka24.de/out/pictures/generated/product/1/224_224_90/ricossapiemonterosato.jpg"
            ],
            "ItemTitle": "Ricossa Rosato Piemonte DOC trocken 2020 0,75L",
            "ItemPrice": "7,99€",
            "ItemUnit": "10,65€/l",
            "local_image_path": "Wein/ Spirituosen/Roséweine/ricossapiemonterosato.jpg"
          },
          {
            "image_urls": [
              "https://www.edeka24.de/out/pictures/generated/product/1/224_224_90/robert_weil_junior_unique_rose_qba_075l(1).jpg"
            ],
            "ItemTitle": "Robert Weil Junior Unique Rosé QbA 0,75L",
            "ItemPrice": "9,49€",
            "ItemUnit": "12,65€/l",
            "local_image_path": "Wein/ Spirituosen/Roséweine/robert_weil_junior_unique_rose_qba_075l(1).jpg"
          },
          {
            "image_urls": [
              "https://www.edeka24.de/out/pictures/generated/product/1/224_224_90/santa_cristina_giardino_rose_igt_075l.jpg"
            ],
            "ItemTitle": "Santa Cristina Giardino Rose IGT 0,75L",
            "ItemPrice": "9,99€",
            "ItemUnit": "13,32€/l",
            "local_image_path": "Wein/ Spirituosen/Roséweine/santa_cristina_giardino_rose_igt_075l.jpg"
          },
          {
            "image_urls": [
              "https://www.edeka24.de/out/pictures/generated/product/1/224_224_90/00820318santadignarose.jpg"
            ],
            "ItemTitle": "Santa Digna Cabernet Sauvignon Reserva Rosé 0,75L",
            "ItemSalePrice": "6,99€",
            "ItemUnit": "9,32€/l",
            "local_image_path": "Wein/ Spirituosen/Roséweine/00820318santadignarose.jpg"
          },
          {
            "image_urls": [
              "https://www.edeka24.de/out/pictures/generated/product/1/224_224_90/santa-digna-cab-sauv-rose-2019.jpg"
            ],
            "ItemTitle": "Santa Digna Cabernet Sauvignon Reserva Rosé 6x 0,75L KARTON",
            "ItemSalePrice": "40,00€",
            "ItemUnit": "8,89€/l",
            "local_image_path": "Wein/ Spirituosen/Roséweine/santa-digna-cab-sauv-rose-2019.jpg"
          },
          {
            "image_urls": [
              "https://www.edeka24.de/out/pictures/generated/product/1/224_224_90/schloss_sommerau_rose_alkoholfrei_075l.jpg"
            ],
            "ItemTitle": "Schloss Sommerau Rosé alkoholfrei 0,75L",
            "ItemPrice": "3,49€",
            "ItemUnit": "4,65€/l",
            "local_image_path": "Wein/ Spirituosen/Roséweine/schloss_sommerau_rose_alkoholfrei_075l.jpg"
          },
          {
            "image_urls": [
              "https://www.edeka24.de/out/pictures/generated/product/1/224_224_90/schloss_wachenheim_light_live_ros_alkoholfrei_075l.jpg"
            ],
            "ItemTitle": "Schloss Wachenheim Light Live Rosé alkoholfrei 0,75L",
            "ItemPrice": "3,99€",
            "ItemUnit": "5,32€/l",
            "local_image_path": "Wein/ Spirituosen/Roséweine/schloss_wachenheim_light_live_ros_alkoholfrei_075l.jpg"
          },
          {
            "image_urls": [
              "https://www.edeka24.de/out/pictures/generated/product/1/224_224_90/siegbert_bimmerle_ros_trocken_075_ltr.jpg"
            ],
            "ItemTitle": "Siegbert Bimmerle Rosé trocken 0,75L",
            "ItemPrice": "9,49€",
            "ItemUnit": "12,65€/l",
            "local_image_path": "Wein/ Spirituosen/Roséweine/siegbert_bimmerle_ros_trocken_075_ltr.jpg"
          },
          {
            "image_urls": [
              "https://www.edeka24.de/out/pictures/generated/product/1/224_224_90/trenzrose.jpg"
            ],
            "ItemTitle": "Trenz Spätburgunder Rosé 0,75L",
            "ItemPrice": "9,99€",
            "ItemUnit": "13,32€/l",
            "local_image_path": "Wein/ Spirituosen/Roséweine/trenzrose.jpg"
          },
          {
            "image_urls": [
              "https://www.edeka24.de/out/pictures/generated/product/1/224_224_90/vigneron_ardechois_gris_de_grenache_vin_de_pay_de_coteaux_de_lardeche_075l.jpg"
            ],
            "ItemTitle": "Vignerons Ardéchois Gris d' Ardeche Grenache 0,75L",
            "ItemPrice": "5,49€",
            "ItemUnit": "7,32€/l",
            "local_image_path": "Wein/ Spirituosen/Roséweine/vigneron_ardechois_gris_de_grenache_vin_de_pay_de_coteaux_de_lardeche_075l.jpg"
          },
          {
            "image_urls": [
              "https://www.edeka24.de/out/pictures/generated/product/1/224_224_90/villamariarosefrizzante.png"
            ],
            "ItemTitle": "Villa Maria Carla Bio Rosé Frizzante 0,75L",
            "ItemPrice": "7,99€",
            "ItemUnit": "10,65€/l",
            "local_image_path": "Bio-Produkte/Bio Marken/villamariarosefrizzante.png"
          },
          {
            "image_urls": [
              "https://www.edeka24.de/out/pictures/generated/product/1/224_224_90/villasangiorgioragzzarosato.jpg"
            ],
            "ItemTitle": "Villa San Giorgio Bio Ragazza Rosato IGT trocken 0,75L",
            "ItemPrice": "5,99€",
            "ItemUnit": "7,99€/l",
            "local_image_path": "Bio-Produkte/Bio Marken/villasangiorgioragzzarosato.jpg"
          },
          {
            "image_urls": [
              "https://www.edeka24.de/out/pictures/generated/product/1/224_224_90/vinasverolutschesrosetto.jpg"
            ],
            "ItemTitle": "Vinas del Vero Luces Rosado 2020 0,75L",
            "ItemSalePrice": "4,49€",
            "ItemUnit": "5,99€/l",
            "local_image_path": "Wein/ Spirituosen/Roséweine/vinasverolutschesrosetto.jpg"
          },
          {
            "image_urls": [
              "https://www.edeka24.de/out/pictures/generated/product/1/224_224_90/go.jpg"
            ],
            "ItemTitle": "WG Bötzingen GO Rosé alkoholfrei 0,75L",
            "ItemPrice": "6,99€",
            "ItemUnit": "9,32€/l",
            "local_image_path": "Wein/ Spirituosen/Roséweine/go.jpg"
          },
          {
            "image_urls": [
              "https://www.edeka24.de/out/pictures/generated/product/1/224_224_90/btzrose.jpg"
            ],
            "ItemTitle": "WG Bötzingen Spätburgunder Rosé trocken 0,75L",
            "ItemPrice": "5,29€",
            "ItemUnit": "7,05€/l",
            "local_image_path": "Wein/ Spirituosen/Roséweine/btzrose.jpg"
          },
          {
            "image_urls": [
              "https://www.edeka24.de/out/pictures/generated/product/1/224_224_90/13_zweigelt_rose_075l.jpg"
            ],
            "ItemTitle": "Winzer Krems Sandgrube 13 Zweigelt Rose 0,75L",
            "ItemPrice": "6,49€",
            "ItemUnit": "8,65€/l",
            "local_image_path": "Wein/ Spirituosen/Roséweine/13_zweigelt_rose_075l.jpg"
          },
          {
            "image_urls": [
              "https://www.edeka24.de/out/pictures/generated/product/1/224_224_90/wzg_edition_gourmet_pinot_meunier_ros_2018_075_ltr.jpg"
            ],
            "ItemTitle": "WZG Edition Gourmet Pinot Meunier Rosé 0,75L",
            "ItemPrice": "5,49€",
            "ItemUnit": "7,32€/l",
            "local_image_path": "Wein/ Spirituosen/Roséweine/wzg_edition_gourmet_pinot_meunier_ros_2018_075_ltr.jpg"
          },
          {
            "image_urls": [
              "https://www.edeka24.de/out/pictures/generated/product/1/224_224_90/wzgtrollrose.jpg"
            ],
            "ItemTitle": "WZG Süss & Fruchtig Trollinger Rosé 0,75L",
            "ItemPrice": "5,29€",
            "ItemUnit": "7,05€/l",
            "local_image_path": "Wein/ Spirituosen/Roséweine/wzgtrollrose.jpg"
          },
          {
            "image_urls": [
              "https://www.edeka24.de/out/pictures/generated/product/1/224_224_90/ypallday.jpg"
            ],
            "ItemTitle": "Young Poets All Day Rose halbtrocken 0,75L",
            "ItemPrice": "7,49€",
            "ItemUnit": "9,99€/l",
            "local_image_path": "Wein/ Spirituosen/Roséweine/ypallday.jpg"
          },
          {
            "image_urls": [
              "https://www.edeka24.de/out/pictures/generated/product/1/224_224_90/villamariarosefrizzante.png"
            ],
            "ItemTitle": "Villa Maria Carla Bio Rosé Frizzante 0,75L",
            "ItemPrice": "7,99€",
            "ItemUnit": "10,65€/l",
            "local_image_path": "Bio-Produkte/Bio Marken/villamariarosefrizzante.png"
          },
          {
            "image_urls": [
              "https://www.edeka24.de/out/pictures/generated/product/1/224_224_90/villasangiorgioragzzarosato.jpg"
            ],
            "ItemTitle": "Villa San Giorgio Bio Ragazza Rosato IGT trocken 0,75L",
            "ItemPrice": "5,99€",
            "ItemUnit": "7,99€/l",
            "local_image_path": "Bio-Produkte/Bio Marken/villasangiorgioragzzarosato.jpg"
          },
          {
            "image_urls": [
              "https://www.edeka24.de/out/pictures/generated/product/1/224_224_90/vinasverolutschesrosetto.jpg"
            ],
            "ItemTitle": "Vinas del Vero Luces Rosado 2020 0,75L",
            "ItemSalePrice": "4,49€",
            "ItemUnit": "5,99€/l",
            "local_image_path": "Wein/ Spirituosen/Roséweine/vinasverolutschesrosetto.jpg"
          },
          {
            "image_urls": [
              "https://www.edeka24.de/out/pictures/generated/product/1/224_224_90/go.jpg"
            ],
            "ItemTitle": "WG Bötzingen GO Rosé alkoholfrei 0,75L",
            "ItemPrice": "6,99€",
            "ItemUnit": "9,32€/l",
            "local_image_path": "Wein/ Spirituosen/Roséweine/go.jpg"
          },
          {
            "image_urls": [
              "https://www.edeka24.de/out/pictures/generated/product/1/224_224_90/btzrose.jpg"
            ],
            "ItemTitle": "WG Bötzingen Spätburgunder Rosé trocken 0,75L",
            "ItemPrice": "5,29€",
            "ItemUnit": "7,05€/l",
            "local_image_path": "Wein/ Spirituosen/Roséweine/btzrose.jpg"
          },
          {
            "image_urls": [
              "https://www.edeka24.de/out/pictures/generated/product/1/224_224_90/13_zweigelt_rose_075l.jpg"
            ],
            "ItemTitle": "Winzer Krems Sandgrube 13 Zweigelt Rose 0,75L",
            "ItemPrice": "6,49€",
            "ItemUnit": "8,65€/l",
            "local_image_path": "Wein/ Spirituosen/Roséweine/13_zweigelt_rose_075l.jpg"
          },
          {
            "image_urls": [
              "https://www.edeka24.de/out/pictures/generated/product/1/224_224_90/wzg_edition_gourmet_pinot_meunier_ros_2018_075_ltr.jpg"
            ],
            "ItemTitle": "WZG Edition Gourmet Pinot Meunier Rosé 0,75L",
            "ItemPrice": "5,49€",
            "ItemUnit": "7,32€/l",
            "local_image_path": "Wein/ Spirituosen/Roséweine/wzg_edition_gourmet_pinot_meunier_ros_2018_075_ltr.jpg"
          },
          {
            "image_urls": [
              "https://www.edeka24.de/out/pictures/generated/product/1/224_224_90/wzgtrollrose.jpg"
            ],
            "ItemTitle": "WZG Süss & Fruchtig Trollinger Rosé 0,75L",
            "ItemPrice": "5,29€",
            "ItemUnit": "7,05€/l",
            "local_image_path": "Wein/ Spirituosen/Roséweine/wzgtrollrose.jpg"
          },
          {
            "image_urls": [
              "https://www.edeka24.de/out/pictures/generated/product/1/224_224_90/ypallday.jpg"
            ],
            "ItemTitle": "Young Poets All Day Rose halbtrocken 0,75L",
            "ItemPrice": "7,49€",
            "ItemUnit": "9,99€/l",
            "local_image_path": "Wein/ Spirituosen/Roséweine/ypallday.jpg"
          }
        ]
      }
    ]
  },
  {
    "CategoryTitle": "Wein/ Spirituosen",
    "Subcategories": [
      {
        "subcategoryTitle": "Weißwein",
        "productItems": [
          {
            "image_urls": [
              "https://www.edeka24.de/out/pictures/generated/product/1/224_224_90/alde_gott_grauburgunder_kabinett_trocken_075l.jpg"
            ],
            "ItemTitle": "Alde Gott Grauburgunder Kabinett trocken 0,75L",
            "ItemPrice": "8,99€",
            "ItemUnit": "11,99€/l",
            "local_image_path": "Wein/ Spirituosen/Weißwein/alde_gott_grauburgunder_kabinett_trocken_075l.jpg"
          },
          {
            "image_urls": [
              "https://www.edeka24.de/out/pictures/generated/product/1/224_224_90/aldegottrieslingkabinettlieblich.jpg"
            ],
            "ItemTitle": "Alde Gott Riesling Kabinett lieblich 0,75L",
            "ItemPrice": "7,99€",
            "ItemUnit": "10,65€/l",
            "local_image_path": "Wein/ Spirituosen/Weißwein/aldegottrieslingkabinettlieblich.jpg"
          },
          {
            "image_urls": [
              "https://www.edeka24.de/out/pictures/generated/product/1/224_224_90/alde_gott_riesling_kabinett_trocken_075l.jpg"
            ],
            "ItemTitle": "Alde Gott Riesling Kabinett trocken 0,75L",
            "ItemPrice": "8,49€",
            "ItemUnit": "11,32€/l",
            "local_image_path": "Wein/ Spirituosen/Weißwein/alde_gott_riesling_kabinett_trocken_075l.jpg"
          },
          {
            "image_urls": [
              "https://www.edeka24.de/out/pictures/generated/product/1/224_224_90/allendorfswdrtrocken.jpg"
            ],
            "ItemTitle": "Allendorf Save Water Drink Riesling dry 0,75L",
            "ItemPrice": "7,99€",
            "ItemUnit": "10,65€/l",
            "local_image_path": "Wein/ Spirituosen/Weißwein/allendorfswdrtrocken.jpg"
          },
          {
            "image_urls": [
              "https://www.edeka24.de/out/pictures/generated/product/1/224_224_90/allendorf_save_water_riesling_fruity_qba_halbtrocken_075l.jpg"
            ],
            "ItemTitle": "Allendorf Save Water Riesling fruity halbtrocken 0,75L",
            "ItemPrice": "7,99€",
            "ItemUnit": "10,65€/l",
            "local_image_path": "Wein/ Spirituosen/Weißwein/allendorf_save_water_riesling_fruity_qba_halbtrocken_075l.jpg"
          },
          {
            "image_urls": [
              "https://www.edeka24.de/out/pictures/generated/product/1/224_224_90/demeter_alnatura_edition_pinot_grigio_trocken_075l.jpg"
            ],
            "ItemTitle": "Alnatura Bio Demeter Pinot Grigio 2018 0,75L",
            "ItemPrice": "5,29€",
            "ItemUnit": "7,05€/l",
            "local_image_path": "Bio-Produkte/Getränke von Alnatura/demeter_alnatura_edition_pinot_grigio_trocken_075l.jpg"
          },
          {
            "image_urls": [
              "https://www.edeka24.de/out/pictures/generated/product/1/224_224_90/montaltocataratto.jpg"
            ],
            "ItemTitle": "Barone Montalto Bio Catarratto 0,75L",
            "ItemPrice": "6,29€",
            "ItemUnit": "8,39€/l",
            "local_image_path": "Bio-Produkte/Bio Marken/montaltocataratto.jpg"
          },
          {
            "image_urls": [
              "https://www.edeka24.de/out/pictures/generated/product/1/224_224_90/bischoffinger_tradition_grauer_burgunder_trocken_075_ltr.jpg"
            ],
            "ItemTitle": "Bischoffinger Tradition Grauer Burgunder trocken 0,75L",
            "ItemPrice": "4,99€",
            "ItemUnit": "6,65€/l",
            "local_image_path": "Wein/ Spirituosen/Weißwein/bischoffinger_tradition_grauer_burgunder_trocken_075_ltr.jpg"
          },
          {
            "image_urls": [
              "https://www.edeka24.de/out/pictures/generated/product/1/224_224_90/bischoffinger_tradition_weier_burgunder_halbtrocken_075_ltr.jpg"
            ],
            "ItemTitle": "Bischoffinger Tradition Weißer Burgunder halbtrocken 0,75L",
            "ItemPrice": "4,99€",
            "ItemUnit": "6,65€/l",
            "local_image_path": "Wein/ Spirituosen/Weißwein/bischoffinger_tradition_weier_burgunder_halbtrocken_075_ltr.jpg"
          },
          {
            "image_urls": [
              "https://www.edeka24.de/out/pictures/generated/product/1/224_224_90/4001731315995_blanchet_trocken_bt_075l_ve.png"
            ],
            "ItemTitle": "Blanchet Blanc de Blancs Weißwein trocken 0,75L",
            "ItemPrice": "4,49€",
            "ItemUnit": "5,99€/l",
            "local_image_path": "Wein/ Spirituosen/Weißwein/4001731315995_blanchet_trocken_bt_075l_ve.png"
          },
          {
            "image_urls": [
              "https://www.edeka24.de/out/pictures/generated/product/1/224_224_90/blanchet_jolie_blanc_de_blanc_lieblich_075l.jpg"
            ],
            "ItemTitle": "Blanchet Jolie Blanc de Blancs lieblich 0,75L",
            "ItemPrice": "4,49€",
            "ItemUnit": "5,99€/l",
            "local_image_path": "Wein/ Spirituosen/Weißwein/blanchet_jolie_blanc_de_blanc_lieblich_075l.jpg"
          },
          {
            "image_urls": [
              "https://www.edeka24.de/out/pictures/generated/product/1/224_224_90/bree_chardonnay_italien_halbtrocken_075l.jpg"
            ],
            "ItemTitle": "Bree Chardonnay 0,75L",
            "ItemPrice": "5,99€",
            "ItemUnit": "7,99€/l",
            "local_image_path": "Wein/ Spirituosen/Weißwein/bree_chardonnay_italien_halbtrocken_075l.jpg"
          },
          {
            "image_urls": [
              "https://www.edeka24.de/out/pictures/generated/product/1/224_224_90/bree_chardonnay_halbtrocken_075l.jpg"
            ],
            "ItemTitle": "Bree Chardonnay 0,75L",
            "ItemPrice": "5,99€",
            "ItemUnit": "7,99€/l",
            "local_image_path": "Wein/ Spirituosen/Weißwein/bree_chardonnay_halbtrocken_075l.jpg"
          },
          {
            "image_urls": [
              "https://www.edeka24.de/out/pictures/generated/product/1/224_224_90/casal-carcia-vinho-verde_750.jpg"
            ],
            "ItemTitle": "Casal Garcia Vinho Verde Weißwein 0,75L",
            "ItemPrice": "5,49€",
            "ItemUnit": "7,32€/l",
            "local_image_path": "Jetzt wird gerettet!/default_subcategory/casal-carcia-vinho-verde_750.jpg"
          },
          {
            "image_urls": [
              "https://www.edeka24.de/out/pictures/generated/product/1/224_224_90/cleebronn_gglingen_blanc_de_blancs_qba_075_ltr.jpg"
            ],
            "ItemTitle": "Cleebronn Güglingen Blanc de Blancs feinherb 0,75L",
            "ItemPrice": "6,39€",
            "ItemUnit": "8,52€/l",
            "local_image_path": "Wein/ Spirituosen/Weißwein/cleebronn_gglingen_blanc_de_blancs_qba_075_ltr.jpg"
          },
          {
            "image_urls": [
              "https://www.edeka24.de/out/pictures/generated/product/1/224_224_90/cleebronner_blanc_de_noirs_qba_feinampampfruchtig_075l.jpg"
            ],
            "ItemTitle": "Cleebronn Güglingen Fein & Fruchtig Blanc de Noirs 0,75L",
            "ItemPrice": "6,39€",
            "ItemUnit": "8,52€/l",
            "local_image_path": "Wein/ Spirituosen/Weißwein/cleebronner_blanc_de_noirs_qba_feinampampfruchtig_075l.jpg"
          },
          {
            "image_urls": [
              "https://www.edeka24.de/out/pictures/generated/product/1/224_224_90/deidesheimergrauburgtr.jpg"
            ],
            "ItemTitle": "Deidesheimer Grauburgunder trocken 0,75L",
            "ItemPrice": "6,99€",
            "ItemUnit": "9,32€/l",
            "local_image_path": "Wein/ Spirituosen/Weißwein/deidesheimergrauburgtr.jpg"
          },
          {
            "image_urls": [
              "https://www.edeka24.de/out/pictures/generated/product/1/224_224_90/deidesheimerrieslingkabtr.jpg"
            ],
            "ItemTitle": "Deidesheimer Herrgottsacker Riesling Kabinett trocken 0,75L",
            "ItemPrice": "6,99€",
            "ItemUnit": "9,32€/l",
            "local_image_path": "Wein/ Spirituosen/Weißwein/deidesheimerrieslingkabtr.jpg"
          },
          {
            "image_urls": [
              "https://www.edeka24.de/out/pictures/generated/product/1/224_224_90/deidesheimerhofstckrieslingkabtr.jpg"
            ],
            "ItemTitle": "Deidesheimer Hofstück Riesling Kabinett trocken 0,75L",
            "ItemPrice": "5,49€",
            "ItemUnit": "7,32€/l",
            "local_image_path": "Wein/ Spirituosen/Weißwein/deidesheimerhofstckrieslingkabtr.jpg"
          },
          {
            "image_urls": [
              "https://www.edeka24.de/out/pictures/generated/product/1/224_224_90/demeter_perla_terra_chardonnay_igp_tr075l.jpg"
            ],
            "ItemTitle": "Demeter Perla Terra Chardonnay IGP 0,75L",
            "ItemPrice": "5,79€",
            "ItemUnit": "7,72€/l",
            "local_image_path": "Wein/ Spirituosen/Weißwein/demeter_perla_terra_chardonnay_igp_tr075l.jpg"
          },
          {
            "image_urls": [
              "https://www.edeka24.de/out/pictures/generated/product/1/224_224_90/demeter_perla_terra_pinot_grigio_igp_tr075l.jpg"
            ],
            "ItemTitle": "Demeter Perla Terra Pinot Grigio IGP 0,75L",
            "ItemPrice": "5,79€",
            "ItemUnit": "7,72€/l",
            "local_image_path": "Wein/ Spirituosen/Weißwein/demeter_perla_terra_pinot_grigio_igp_tr075l.jpg"
          },
          {
            "image_urls": [
              "https://www.edeka24.de/out/pictures/generated/product/1/224_224_90/dwtbiorsltrock.jpg"
            ],
            "ItemTitle": "Deutsches Weintor Bio Riesling QbA trocken 0,75L",
            "ItemPrice": "5,99€",
            "ItemUnit": "7,99€/l",
            "local_image_path": "Wein/ Spirituosen/Weißwein/dwtbiorsltrock.jpg"
          },
          {
            "image_urls": [
              "https://www.edeka24.de/out/pictures/generated/product/1/224_224_90/doppio_passo_grillo_sicilia_doc_075l.jpg"
            ],
            "ItemTitle": "Doppio Passo Grillo Sicilia DOC 0,75L",
            "ItemPrice": "7,79€",
            "ItemUnit": "10,39€/l",
            "local_image_path": "Wein/ Spirituosen/Weißwein/doppio_passo_grillo_sicilia_doc_075l.jpg"
          },
          {
            "image_urls": [
              "https://www.edeka24.de/out/pictures/generated/product/1/224_224_90/doppio-passo_grillo_karton.jpg"
            ],
            "ItemTitle": "Doppio Passo Grillo Sicilia DOC 6x0,75L KARTON",
            "ItemPrice": "46,74€",
            "ItemUnit": "10,39€/l",
            "local_image_path": "Wein/ Spirituosen/Rotwein/doppio-passo_grillo_karton.jpg"
          },
          {
            "image_urls": [
              "https://www.edeka24.de/out/pictures/generated/product/1/224_224_90/dr.koehlerherrdoktorweiss.jpg"
            ],
            "ItemTitle": "Dr. Koehler Herr Doktor 2020 0,75L",
            "ItemPrice": "10,49€",
            "ItemUnit": "13,99€/l",
            "local_image_path": "Wein/ Spirituosen/Weißwein/dr.koehlerherrdoktorweiss.jpg"
          },
          {
            "image_urls": [
              "https://www.edeka24.de/out/pictures/generated/product/1/224_224_90/durbacher_klingelberger_riesling_1l_ew.jpg"
            ],
            "ItemTitle": "Durbacher Klingelberger Riesling 1L",
            "ItemPrice": "5,99€",
            "ItemUnit": "5,99€/l",
            "local_image_path": "Wein/ Spirituosen/Weißwein/durbacher_klingelberger_riesling_1l_ew.jpg"
          },
          {
            "image_urls": [
              "https://www.edeka24.de/out/pictures/generated/product/1/224_224_90/durbacher_klingelberger_riesling_trocken_1l_ew.jpg"
            ],
            "ItemTitle": "Durbacher Klingelberger Riesling trocken 1L",
            "ItemPrice": "5,99€",
            "ItemUnit": "5,99€/l",
            "local_image_path": "Wein/ Spirituosen/Weißwein/durbacher_klingelberger_riesling_trocken_1l_ew.jpg"
          },
          {
            "image_urls": [
              "https://www.edeka24.de/out/pictures/generated/product/1/224_224_90/durbacher_kochberg_grauer_burgunder_kabinett_trocken_075l.jpg"
            ],
            "ItemTitle": "Durbacher Kochberg Grauer Burgunder Kabinett trocken 0,75L",
            "ItemPrice": "7,49€",
            "ItemUnit": "9,99€/l",
            "local_image_path": "Wein/ Spirituosen/Weißwein/durbacher_kochberg_grauer_burgunder_kabinett_trocken_075l.jpg"
          },
          {
            "image_urls": [
              "https://www.edeka24.de/out/pictures/generated/product/1/224_224_90/durbbacher-kochberg-grauer-burgunder-trocken.jpg"
            ],
            "ItemTitle": "Durbacher Kochberg Grauer Burgunder trocken 0,75L",
            "ItemPrice": "6,49€",
            "ItemUnit": "8,65€/l",
            "local_image_path": "Wein/ Spirituosen/Weißwein/durbbacher-kochberg-grauer-burgunder-trocken.jpg"
          },
          {
            "image_urls": [
              "https://www.edeka24.de/out/pictures/generated/product/1/224_224_90/durbachergbtrock.jpg"
            ],
            "ItemTitle": "Durbacher Kollektion Grauer Burgunder trocken 0,75L",
            "ItemPrice": "5,99€",
            "ItemUnit": "7,99€/l",
            "local_image_path": "Wein/ Spirituosen/Weißwein/durbachergbtrock.jpg"
          }
        ]
      }
    ]
  }
]
